
    <record>
      <header>
        <identifier>oai:cds.cern.ch:101470</identifier>
        <datestamp>2017-07-27T21:14:28Z</datestamp>
        <setSpec>cerncds:FULLTEXT</setSpec>
        <setSpec>forINSPIRE</setSpec>
      </header>
      <metadata>
        <marc:record xmlns:marc="http://www.loc.gov/MARC21/slim" xmlns:xsi="http://www.w3.org/2001/XMLSchema-instance" xsi:schemaLocation="http://www.loc.gov/MARC21/slim http://www.loc.gov/standards/marcxml/schema/MARC21slim.xsd" type="Bibliographic">
          <marc:leader>00000coc  2200000uu 4500</marc:leader>
          <marc:controlfield tag="001">101470</marc:controlfield>
          <marc:controlfield tag="003">SzGeCERN</marc:controlfield>
          <marc:controlfield tag="005">20170803223648.0</marc:controlfield>
          <marc:datafield tag="024" ind1="8" ind2=" ">
            <marc:subfield code="a">oai:cds.cern.ch:101470</marc:subfield>
            <marc:subfield code="p">cerncds:FULLTEXT</marc:subfield>
            <marc:subfield code="p">forINSPIRE</marc:subfield>
          </marc:datafield>
          <marc:datafield tag="035" ind1=" " ind2=" ">
            <marc:subfield code="9">Inspire</marc:subfield>
            <marc:subfield code="a">1614045</marc:subfield>
          </marc:datafield>
          <marc:datafield tag="980" ind1=" " ind2=" ">
            <marc:subfield code="a">BOOK</marc:subfield>
          </marc:datafield>
          <marc:datafield tag="980" ind1=" " ind2=" ">
            <marc:subfield code="b">REPORT</marc:subfield>
          </marc:datafield>
          <marc:datafield tag="110" ind1=" " ind2=" ">
            <marc:subfield code="a">European Committee for Future Accelerators. Geneva. Electron Proton Working Group</marc:subfield>
          </marc:datafield>
          <marc:datafield tag="693" ind1=" " ind2=" ">
            <marc:subfield code="a">DESY HERA</marc:subfield>
          </marc:datafield>
          <marc:datafield tag="852" ind1=" " ind2=" ">
            <marc:subfield code="c">CERN Central Library</marc:subfield>
            <marc:subfield code="h">621.384 EUR</marc:subfield>
          </marc:datafield>
          <marc:datafield tag="852" ind1=" " ind2=" ">
            <marc:subfield code="c">CERN Depot 1, bldg. 2 (DE1)</marc:subfield>
            <marc:subfield code="h">621.384 EUR</marc:subfield>
          </marc:datafield>
          <marc:datafield tag="852" ind1=" " ind2=" ">
            <marc:subfield code="c">CERN Central Library</marc:subfield>
            <marc:subfield code="h">DESY HERA 80 01</marc:subfield>
          </marc:datafield>
          <marc:datafield tag="856" ind1="4" ind2=" ">
            <marc:subfield code="u">https://cds.cern.ch/search?ln=en&amp;sc=1&amp;p=962%3A101470&amp;f=&amp;action_search=Search&amp;c=Articles+%26+Preprints&amp;c=Books+%26+Proceedings</marc:subfield>
            <marc:subfield code="y">Chapters in this volume</marc:subfield>
          </marc:datafield>
          <marc:datafield tag="856" ind1="4" ind2=" ">
            <marc:subfield code="8">612703</marc:subfield>
            <marc:subfield code="s">22827039</marc:subfield>
            <marc:subfield code="u">http://cds.cern.ch/record/101470/files/CM-P00101078-e.pdf</marc:subfield>
            <marc:subfield code="y">English</marc:subfield>
          </marc:datafield>
          <marc:datafield tag="690" ind1="C" ind2=" ">
            <marc:subfield code="a">REPORT</marc:subfield>
          </marc:datafield>
          <marc:datafield tag="690" ind1="C" ind2=" ">
            <marc:subfield code="a">Design Report</marc:subfield>
          </marc:datafield>
          <marc:datafield tag="970" ind1=" " ind2=" ">
            <marc:subfield code="a">000004409CER</marc:subfield>
          </marc:datafield>
          <marc:datafield tag="650" ind1="1" ind2="7">
            <marc:subfield code="2">SzGeCERN</marc:subfield>
            <marc:subfield code="a">Accelerators and Storage Rings</marc:subfield>
          </marc:datafield>
          <marc:datafield tag="916" ind1=" " ind2=" ">
            <marc:subfield code="s">m</marc:subfield>
            <marc:subfield code="w">198430</marc:subfield>
          </marc:datafield>
          <marc:datafield tag="088" ind1=" " ind2=" ">
            <marc:subfield code="a">DESY-HERA-80-01</marc:subfield>
          </marc:datafield>
          <marc:datafield tag="088" ind1=" " ind2=" ">
            <marc:subfield code="a">ECFA-80-042</marc:subfield>
          </marc:datafield>
          <marc:datafield tag="088" ind1=" " ind2=" ">
            <marc:subfield code="9">CM-P00101078-e</marc:subfield>
          </marc:datafield>
          <marc:datafield tag="300" ind1=" " ind2=" ">
            <marc:subfield code="a">mult. p</marc:subfield>
          </marc:datafield>
          <marc:datafield tag="340" ind1=" " ind2=" ">
            <marc:subfield code="a">paper</marc:subfield>
          </marc:datafield>
          <marc:datafield tag="595" ind1=" " ind2=" ">
            <marc:subfield code="a">reserve</marc:subfield>
          </marc:datafield>
          <marc:datafield tag="595" ind1=" " ind2=" ">
            <marc:subfield code="z">CLAS1</marc:subfield>
          </marc:datafield>
          <marc:datafield tag="595" ind1=" " ind2=" ">
            <marc:subfield code="a">Inspire</marc:subfield>
          </marc:datafield>
          <marc:datafield tag="080" ind1=" " ind2=" ">
            <marc:subfield code="a">621.384.6(4)</marc:subfield>
          </marc:datafield>
          <marc:datafield tag="080" ind1=" " ind2=" ">
            <marc:subfield code="a">621.384.665</marc:subfield>
          </marc:datafield>
          <marc:datafield tag="080" ind1=" " ind2=" ">
            <marc:subfield code="a">621.384.665.24</marc:subfield>
          </marc:datafield>
          <marc:datafield tag="245" ind1=" " ind2=" ">
            <marc:subfield code="a">Study on the proton electron storage ring project HERA</marc:subfield>
          </marc:datafield>
          <marc:datafield tag="260" ind1=" " ind2=" ">
            <marc:subfield code="a">Hamburg</marc:subfield>
            <marc:subfield code="b">DESY</marc:subfield>
            <marc:subfield code="c">1980</marc:subfield>
          </marc:datafield>
          <marc:datafield tag="041" ind1=" " ind2=" ">
            <marc:subfield code="a">eng</marc:subfield>
          </marc:datafield>
          <marc:datafield tag="964" ind1=" " ind2=" ">
            <marc:subfield code="a">0011</marc:subfield>
          </marc:datafield>
          <marc:datafield tag="960" ind1=" " ind2=" ">
            <marc:subfield code="a">21</marc:subfield>
          </marc:datafield>
          <marc:datafield tag="961" ind1=" " ind2=" ">
            <marc:subfield code="c">20110324</marc:subfield>
            <marc:subfield code="h">1614</marc:subfield>
            <marc:subfield code="l">CER01</marc:subfield>
            <marc:subfield code="x">19900127</marc:subfield>
          </marc:datafield>
          <marc:datafield tag="963" ind1=" " ind2=" ">
            <marc:subfield code="a">PUBLIC</marc:subfield>
          </marc:datafield>
        </marc:record>
      </metadata>
    </record>