
    <record>
      <header>
        <identifier>oai:cds.cern.ch:108613</identifier>
        <datestamp>2017-07-27T21:14:28Z</datestamp>
        <setSpec>cerncds:FULLTEXT</setSpec>
        <setSpec>forINSPIRE</setSpec>
      </header>
      <metadata>
        <marc:record xmlns:marc="http://www.loc.gov/MARC21/slim" xmlns:xsi="http://www.w3.org/2001/XMLSchema-instance" xsi:schemaLocation="http://www.loc.gov/MARC21/slim http://www.loc.gov/standards/marcxml/schema/MARC21slim.xsd" type="Bibliographic">
          <marc:leader>00000coc  2200000uu 4500</marc:leader>
          <marc:controlfield tag="001">108613</marc:controlfield>
          <marc:controlfield tag="003">SzGeCERN</marc:controlfield>
          <marc:controlfield tag="005">20170803223648.0</marc:controlfield>
          <marc:datafield tag="024" ind1="8" ind2=" ">
            <marc:subfield code="a">oai:cds.cern.ch:108613</marc:subfield>
            <marc:subfield code="p">cerncds:FULLTEXT</marc:subfield>
            <marc:subfield code="p">forINSPIRE</marc:subfield>
          </marc:datafield>
          <marc:datafield tag="035" ind1=" " ind2=" ">
            <marc:subfield code="9">Inspire</marc:subfield>
            <marc:subfield code="a">1614048</marc:subfield>
          </marc:datafield>
          <marc:datafield tag="980" ind1=" " ind2=" ">
            <marc:subfield code="a">BOOK</marc:subfield>
          </marc:datafield>
          <marc:datafield tag="980" ind1=" " ind2=" ">
            <marc:subfield code="b">REPORT</marc:subfield>
          </marc:datafield>
          <marc:datafield tag="981" ind1=" " ind2=" ">
            <marc:subfield code="a">000083479CER01</marc:subfield>
          </marc:datafield>
          <marc:datafield tag="110" ind1=" " ind2=" ">
            <marc:subfield code="a">Brookhaven National Laboratory. Upton</marc:subfield>
          </marc:datafield>
          <marc:datafield tag="693" ind1=" " ind2=" ">
            <marc:subfield code="a">BNL RHIC</marc:subfield>
          </marc:datafield>
          <marc:datafield tag="852" ind1=" " ind2=" ">
            <marc:subfield code="c">CERN Central Library</marc:subfield>
            <marc:subfield code="h">621.384 BRO</marc:subfield>
          </marc:datafield>
          <marc:datafield tag="852" ind1=" " ind2=" ">
            <marc:subfield code="c">CERN Depot 1, bldg. 2 (DE1)</marc:subfield>
            <marc:subfield code="h">621.384 BRO</marc:subfield>
          </marc:datafield>
          <marc:datafield tag="856" ind1="4" ind2=" ">
            <marc:subfield code="u">http://cds.cern.ch/record/108613/files/BNL-51932.pdf</marc:subfield>
            <marc:subfield code="y">Fulltext</marc:subfield>
          </marc:datafield>
          <marc:datafield tag="856" ind1="4" ind2=" ">
            <marc:subfield code="u">http://cds.cern.ch/record/108613/files/BNL-51932.gif?subformat=icon</marc:subfield>
            <marc:subfield code="x">icon</marc:subfield>
            <marc:subfield code="y">Fulltext</marc:subfield>
          </marc:datafield>
          <marc:datafield tag="856" ind1="4" ind2=" ">
            <marc:subfield code="u">http://cds.cern.ch/record/108613/files/BNL-51932.gif?subformat=icon-700</marc:subfield>
            <marc:subfield code="x">icon-700</marc:subfield>
            <marc:subfield code="y">Fulltext</marc:subfield>
          </marc:datafield>
          <marc:datafield tag="690" ind1="C" ind2=" ">
            <marc:subfield code="a">REPORT</marc:subfield>
          </marc:datafield>
          <marc:datafield tag="690" ind1="C" ind2=" ">
            <marc:subfield code="a">Design Report</marc:subfield>
          </marc:datafield>
          <marc:datafield tag="970" ind1=" " ind2=" ">
            <marc:subfield code="a">000013392CER</marc:subfield>
          </marc:datafield>
          <marc:datafield tag="653" ind1="1" ind2=" ">
            <marc:subfield code="9">CERN</marc:subfield>
            <marc:subfield code="a">beam</marc:subfield>
          </marc:datafield>
          <marc:datafield tag="653" ind1="1" ind2=" ">
            <marc:subfield code="9">CERN</marc:subfield>
            <marc:subfield code="a">control</marc:subfield>
          </marc:datafield>
          <marc:datafield tag="653" ind1="1" ind2=" ">
            <marc:subfield code="9">CERN</marc:subfield>
            <marc:subfield code="a">cost</marc:subfield>
          </marc:datafield>
          <marc:datafield tag="653" ind1="1" ind2=" ">
            <marc:subfield code="9">CERN</marc:subfield>
            <marc:subfield code="a">cryogenics</marc:subfield>
          </marc:datafield>
          <marc:datafield tag="653" ind1="1" ind2=" ">
            <marc:subfield code="9">CERN</marc:subfield>
            <marc:subfield code="a">injector</marc:subfield>
          </marc:datafield>
          <marc:datafield tag="653" ind1="1" ind2=" ">
            <marc:subfield code="9">CERN</marc:subfield>
            <marc:subfield code="a">instrumentation</marc:subfield>
          </marc:datafield>
          <marc:datafield tag="653" ind1="1" ind2=" ">
            <marc:subfield code="9">CERN</marc:subfield>
            <marc:subfield code="a">magnets</marc:subfield>
          </marc:datafield>
          <marc:datafield tag="653" ind1="1" ind2=" ">
            <marc:subfield code="9">CERN</marc:subfield>
            <marc:subfield code="a">management</marc:subfield>
          </marc:datafield>
          <marc:datafield tag="653" ind1="1" ind2=" ">
            <marc:subfield code="9">CERN</marc:subfield>
            <marc:subfield code="a">rf</marc:subfield>
          </marc:datafield>
          <marc:datafield tag="653" ind1="1" ind2=" ">
            <marc:subfield code="9">CERN</marc:subfield>
            <marc:subfield code="a">schedule</marc:subfield>
          </marc:datafield>
          <marc:datafield tag="653" ind1="1" ind2=" ">
            <marc:subfield code="9">CERN</marc:subfield>
            <marc:subfield code="a">specification</marc:subfield>
          </marc:datafield>
          <marc:datafield tag="653" ind1="1" ind2=" ">
            <marc:subfield code="9">CERN</marc:subfield>
            <marc:subfield code="a">transfer</marc:subfield>
          </marc:datafield>
          <marc:datafield tag="653" ind1="1" ind2=" ">
            <marc:subfield code="9">CERN</marc:subfield>
            <marc:subfield code="a">vacuum</marc:subfield>
          </marc:datafield>
          <marc:datafield tag="650" ind1="1" ind2="7">
            <marc:subfield code="2">SzGeCERN</marc:subfield>
            <marc:subfield code="a">Accelerators and Storage Rings</marc:subfield>
          </marc:datafield>
          <marc:datafield tag="916" ind1=" " ind2=" ">
            <marc:subfield code="s">n</marc:subfield>
            <marc:subfield code="w">198642</marc:subfield>
          </marc:datafield>
          <marc:datafield tag="088" ind1=" " ind2=" ">
            <marc:subfield code="a">BNL-51932</marc:subfield>
          </marc:datafield>
          <marc:datafield tag="300" ind1=" " ind2=" ">
            <marc:subfield code="a">282 p</marc:subfield>
          </marc:datafield>
          <marc:datafield tag="340" ind1=" " ind2=" ">
            <marc:subfield code="a">paper</marc:subfield>
          </marc:datafield>
          <marc:datafield tag="595" ind1=" " ind2=" ">
            <marc:subfield code="z">CLAS1</marc:subfield>
          </marc:datafield>
          <marc:datafield tag="595" ind1=" " ind2=" ">
            <marc:subfield code="a">Inspire</marc:subfield>
          </marc:datafield>
          <marc:datafield tag="080" ind1=" " ind2=" ">
            <marc:subfield code="a">621.384.665</marc:subfield>
          </marc:datafield>
          <marc:datafield tag="080" ind1=" " ind2=" ">
            <marc:subfield code="a">621.384.6(73)</marc:subfield>
          </marc:datafield>
          <marc:datafield tag="245" ind1=" " ind2=" ">
            <marc:subfield code="a">Conceptual design of the Relativistic Heavy Ion Collider (RHIC)</marc:subfield>
          </marc:datafield>
          <marc:datafield tag="260" ind1=" " ind2=" ">
            <marc:subfield code="a">Upton, NY</marc:subfield>
            <marc:subfield code="b">Brookhaven Nat. Lab.</marc:subfield>
            <marc:subfield code="c">1986</marc:subfield>
          </marc:datafield>
          <marc:datafield tag="041" ind1=" " ind2=" ">
            <marc:subfield code="a">eng</marc:subfield>
          </marc:datafield>
          <marc:datafield tag="964" ind1=" " ind2=" ">
            <marc:subfield code="a">0002</marc:subfield>
          </marc:datafield>
          <marc:datafield tag="960" ind1=" " ind2=" ">
            <marc:subfield code="a">21</marc:subfield>
          </marc:datafield>
          <marc:datafield tag="961" ind1=" " ind2=" ">
            <marc:subfield code="c">20091110</marc:subfield>
            <marc:subfield code="h">1802</marc:subfield>
            <marc:subfield code="l">CER01</marc:subfield>
            <marc:subfield code="x">19900127</marc:subfield>
          </marc:datafield>
          <marc:datafield tag="963" ind1=" " ind2=" ">
            <marc:subfield code="a">PUBLIC</marc:subfield>
          </marc:datafield>
        </marc:record>
      </metadata>
    </record>