
    <record>
      <header>
        <identifier>oai:cds.cern.ch:317704</identifier>
        <datestamp>2017-07-27T21:14:29Z</datestamp>
        <setSpec>cerncds:CERN</setSpec>
        <setSpec>cerncds:CERN:FULLTEXT</setSpec>
        <setSpec>cerncds:FULLTEXT</setSpec>
        <setSpec>forINSPIRE</setSpec>
      </header>
      <metadata>
        <marc:record xmlns:marc="http://www.loc.gov/MARC21/slim" xmlns:xsi="http://www.w3.org/2001/XMLSchema-instance" xsi:schemaLocation="http://www.loc.gov/MARC21/slim http://www.loc.gov/standards/marcxml/schema/MARC21slim.xsd" type="Bibliographic">
          <marc:leader>00000coc  2200000uu 4500</marc:leader>
          <marc:controlfield tag="001">317704</marc:controlfield>
          <marc:controlfield tag="003">SzGeCERN</marc:controlfield>
          <marc:controlfield tag="005">20170803223649.0</marc:controlfield>
          <marc:datafield tag="024" ind1="8" ind2=" ">
            <marc:subfield code="a">oai:cds.cern.ch:317704</marc:subfield>
            <marc:subfield code="p">cerncds:FULLTEXT</marc:subfield>
            <marc:subfield code="p">cerncds:CERN:FULLTEXT</marc:subfield>
            <marc:subfield code="p">cerncds:CERN</marc:subfield>
            <marc:subfield code="p">forINSPIRE</marc:subfield>
          </marc:datafield>
          <marc:datafield tag="035" ind1=" " ind2=" ">
            <marc:subfield code="9">Inspire</marc:subfield>
            <marc:subfield code="a">1614055</marc:subfield>
          </marc:datafield>
          <marc:datafield tag="980" ind1=" " ind2=" ">
            <marc:subfield code="a">PREPRINT</marc:subfield>
          </marc:datafield>
          <marc:datafield tag="700" ind1=" " ind2=" ">
            <marc:subfield code="a">Berlin, D</marc:subfield>
          </marc:datafield>
          <marc:datafield tag="700" ind1=" " ind2=" ">
            <marc:subfield code="a">Boillot, J</marc:subfield>
          </marc:datafield>
          <marc:datafield tag="700" ind1=" " ind2=" ">
            <marc:subfield code="a">Bosser, Jacques</marc:subfield>
          </marc:datafield>
          <marc:datafield tag="700" ind1=" " ind2=" ">
            <marc:subfield code="a">Brouet, M</marc:subfield>
          </marc:datafield>
          <marc:datafield tag="700" ind1=" " ind2=" ">
            <marc:subfield code="a">Buttkus, J</marc:subfield>
          </marc:datafield>
          <marc:datafield tag="700" ind1=" " ind2=" ">
            <marc:subfield code="a">Caspers, Friedhelm</marc:subfield>
          </marc:datafield>
          <marc:datafield tag="700" ind1=" " ind2=" ">
            <marc:subfield code="a">Chohan, V</marc:subfield>
          </marc:datafield>
          <marc:datafield tag="700" ind1=" " ind2=" ">
            <marc:subfield code="a">Dekkers, Daniel</marc:subfield>
          </marc:datafield>
          <marc:datafield tag="700" ind1=" " ind2=" ">
            <marc:subfield code="a">Eriksson, T</marc:subfield>
          </marc:datafield>
          <marc:datafield tag="700" ind1=" " ind2=" ">
            <marc:subfield code="a">Garoby, R</marc:subfield>
          </marc:datafield>
          <marc:datafield tag="700" ind1=" " ind2=" ">
            <marc:subfield code="a">Giannini, R</marc:subfield>
          </marc:datafield>
          <marc:datafield tag="700" ind1=" " ind2=" ">
            <marc:subfield code="a">Gröbner, Oswald</marc:subfield>
          </marc:datafield>
          <marc:datafield tag="700" ind1=" " ind2=" ">
            <marc:subfield code="a">Gruber, J</marc:subfield>
          </marc:datafield>
          <marc:datafield tag="700" ind1=" " ind2=" ">
            <marc:subfield code="a">Hémery, J Y</marc:subfield>
          </marc:datafield>
          <marc:datafield tag="700" ind1=" " ind2=" ">
            <marc:subfield code="a">Koziol, Heribert</marc:subfield>
            <marc:subfield code="u">CERN</marc:subfield>
          </marc:datafield>
          <marc:datafield tag="700" ind1=" " ind2=" ">
            <marc:subfield code="a">MacCaferri, R</marc:subfield>
          </marc:datafield>
          <marc:datafield tag="700" ind1=" " ind2=" ">
            <marc:subfield code="a">Maury, S</marc:subfield>
          </marc:datafield>
          <marc:datafield tag="700" ind1=" " ind2=" ">
            <marc:subfield code="a">Metzger, C</marc:subfield>
          </marc:datafield>
          <marc:datafield tag="700" ind1=" " ind2=" ">
            <marc:subfield code="a">Metzmacher, K D</marc:subfield>
          </marc:datafield>
          <marc:datafield tag="700" ind1=" " ind2=" ">
            <marc:subfield code="a">Möhl, D</marc:subfield>
          </marc:datafield>
          <marc:datafield tag="700" ind1=" " ind2=" ">
            <marc:subfield code="a">Mulder, H</marc:subfield>
          </marc:datafield>
          <marc:datafield tag="700" ind1=" " ind2=" ">
            <marc:subfield code="a">Paoluzzi, M</marc:subfield>
          </marc:datafield>
          <marc:datafield tag="700" ind1=" " ind2=" ">
            <marc:subfield code="a">Pedersen, F</marc:subfield>
          </marc:datafield>
          <marc:datafield tag="700" ind1=" " ind2=" ">
            <marc:subfield code="a">Riunaud, J P</marc:subfield>
          </marc:datafield>
          <marc:datafield tag="700" ind1=" " ind2=" ">
            <marc:subfield code="a">Serre, C</marc:subfield>
          </marc:datafield>
          <marc:datafield tag="700" ind1=" " ind2=" ">
            <marc:subfield code="a">Simon, Daniel Jean</marc:subfield>
          </marc:datafield>
          <marc:datafield tag="700" ind1=" " ind2=" ">
            <marc:subfield code="a">Tranquille, G</marc:subfield>
          </marc:datafield>
          <marc:datafield tag="700" ind1=" " ind2=" ">
            <marc:subfield code="a">Tuyn, Jan Willem Nicolaas</marc:subfield>
          </marc:datafield>
          <marc:datafield tag="700" ind1=" " ind2=" ">
            <marc:subfield code="a">Williams, B</marc:subfield>
          </marc:datafield>
          <marc:datafield tag="100" ind1=" " ind2=" ">
            <marc:subfield code="a">Baird, S A</marc:subfield>
          </marc:datafield>
          <marc:datafield tag="970" ind1=" " ind2=" ">
            <marc:subfield code="a">000240574CER</marc:subfield>
          </marc:datafield>
          <marc:datafield tag="037" ind1=" " ind2=" ">
            <marc:subfield code="a">CERN-PS-96-043-AR</marc:subfield>
          </marc:datafield>
          <marc:datafield tag="650" ind1="1" ind2="7">
            <marc:subfield code="2">SzGeCERN</marc:subfield>
            <marc:subfield code="a">Accelerators and Storage Rings</marc:subfield>
          </marc:datafield>
          <marc:datafield tag="690" ind1="C" ind2=" ">
            <marc:subfield code="a">CERN</marc:subfield>
          </marc:datafield>
          <marc:datafield tag="690" ind1="C" ind2=" ">
            <marc:subfield code="a">PREPRINT</marc:subfield>
          </marc:datafield>
          <marc:datafield tag="690" ind1="C" ind2=" ">
            <marc:subfield code="a">Design Report</marc:subfield>
          </marc:datafield>
          <marc:datafield tag="916" ind1=" " ind2=" ">
            <marc:subfield code="s">n</marc:subfield>
            <marc:subfield code="w">199703</marc:subfield>
          </marc:datafield>
          <marc:datafield tag="300" ind1=" " ind2=" ">
            <marc:subfield code="a">31 p</marc:subfield>
          </marc:datafield>
          <marc:datafield tag="340" ind1=" " ind2=" ">
            <marc:subfield code="a">paper</marc:subfield>
          </marc:datafield>
          <marc:datafield tag="595" ind1=" " ind2=" ">
            <marc:subfield code="z">UNCL</marc:subfield>
          </marc:datafield>
          <marc:datafield tag="595" ind1=" " ind2=" ">
            <marc:subfield code="a">Inspire</marc:subfield>
          </marc:datafield>
          <marc:datafield tag="710" ind1=" " ind2=" ">
            <marc:subfield code="5">PS</marc:subfield>
          </marc:datafield>
          <marc:datafield tag="852" ind1=" " ind2=" ">
            <marc:subfield code="c">CERN Depot 4, bldg. 500-S-023 (DE4)</marc:subfield>
            <marc:subfield code="h">CERN-PS-96-043-AR</marc:subfield>
          </marc:datafield>
          <marc:datafield tag="856" ind1="4" ind2=" ">
            <marc:subfield code="u">http://preprints.cern.ch/cgi-bin/setlink?base=preprint&amp;categ=cern&amp;id=PS-96-043</marc:subfield>
            <marc:subfield code="y">Access to fulltext document</marc:subfield>
          </marc:datafield>
          <marc:datafield tag="856" ind1="4" ind2=" ">
            <marc:subfield code="u">http://cds.cern.ch/record/317704/files/ps-96-043.pdf</marc:subfield>
            <marc:subfield code="y">Access to fulltext document</marc:subfield>
          </marc:datafield>
          <marc:datafield tag="856" ind1="4" ind2=" ">
            <marc:subfield code="u">http://cds.cern.ch/record/317704/files/ps-96-043.tif</marc:subfield>
            <marc:subfield code="y">Access to fulltext document</marc:subfield>
          </marc:datafield>
          <marc:datafield tag="245" ind1=" " ind2=" ">
            <marc:subfield code="a">Design study of the antiproton decelerator</marc:subfield>
            <marc:subfield code="b">AD</marc:subfield>
          </marc:datafield>
          <marc:datafield tag="260" ind1=" " ind2=" ">
            <marc:subfield code="c">1996</marc:subfield>
          </marc:datafield>
          <marc:datafield tag="269" ind1=" " ind2=" ">
            <marc:subfield code="c">Nov 1996</marc:subfield>
          </marc:datafield>
          <marc:datafield tag="041" ind1=" " ind2=" ">
            <marc:subfield code="a">eng</marc:subfield>
          </marc:datafield>
          <marc:datafield tag="964" ind1=" " ind2=" ">
            <marc:subfield code="a">0002</marc:subfield>
          </marc:datafield>
          <marc:datafield tag="901" ind1=" " ind2=" ">
            <marc:subfield code="u">CERN</marc:subfield>
          </marc:datafield>
          <marc:datafield tag="960" ind1=" " ind2=" ">
            <marc:subfield code="a">11</marc:subfield>
          </marc:datafield>
          <marc:datafield tag="961" ind1=" " ind2=" ">
            <marc:subfield code="c">20100226</marc:subfield>
            <marc:subfield code="h">2003</marc:subfield>
            <marc:subfield code="l">CER01</marc:subfield>
            <marc:subfield code="x">19970107</marc:subfield>
          </marc:datafield>
          <marc:datafield tag="963" ind1=" " ind2=" ">
            <marc:subfield code="a">PUBLIC</marc:subfield>
          </marc:datafield>
        </marc:record>
      </metadata>
    </record>