
    <record>
      <header>
        <identifier>oai:cds.cern.ch:353075</identifier>
        <datestamp>2017-01-11T22:52:25Z</datestamp>
        <setSpec>cerncds:CERN</setSpec>
        <setSpec>cerncds:CERN:FULLTEXT</setSpec>
        <setSpec>cerncds:FULLTEXT</setSpec>
        <setSpec>forINSPIRE</setSpec>
      </header>
      <metadata>
        <marc:record xmlns:marc="http://www.loc.gov/MARC21/slim" xmlns:xsi="http://www.w3.org/2001/XMLSchema-instance" xsi:schemaLocation="http://www.loc.gov/MARC21/slim http://www.loc.gov/standards/marcxml/schema/MARC21slim.xsd" type="Bibliographic">
          <marc:leader>00000coc  2200000uu 4500</marc:leader>
          <marc:controlfield tag="001">353075</marc:controlfield>
          <marc:controlfield tag="003">SzGeCERN</marc:controlfield>
          <marc:controlfield tag="005">20170119222515.0</marc:controlfield>
          <marc:datafield tag="024" ind1="8" ind2=" ">
            <marc:subfield code="a">oai:cds.cern.ch:353075</marc:subfield>
            <marc:subfield code="p">cerncds:FULLTEXT</marc:subfield>
            <marc:subfield code="p">cerncds:CERN:FULLTEXT</marc:subfield>
            <marc:subfield code="p">cerncds:CERN</marc:subfield>
            <marc:subfield code="p">forINSPIRE</marc:subfield>
          </marc:datafield>
          <marc:datafield tag="035" ind1=" " ind2=" ">
            <marc:subfield code="9">INSPEC</marc:subfield>
            <marc:subfield code="a">280887</marc:subfield>
          </marc:datafield>
          <marc:datafield tag="035" ind1=" " ind2=" ">
            <marc:subfield code="9">Inspire</marc:subfield>
            <marc:subfield code="a">1509552</marc:subfield>
          </marc:datafield>
          <marc:datafield tag="690" ind1="C" ind2=" ">
            <marc:subfield code="a">ARTICLE</marc:subfield>
          </marc:datafield>
          <marc:datafield tag="690" ind1="C" ind2=" ">
            <marc:subfield code="a">CERN</marc:subfield>
          </marc:datafield>
          <marc:datafield tag="970" ind1=" " ind2=" ">
            <marc:subfield code="a">000277491CER</marc:subfield>
          </marc:datafield>
          <marc:datafield tag="980" ind1=" " ind2=" ">
            <marc:subfield code="a">ARTICLE</marc:subfield>
          </marc:datafield>
          <marc:datafield tag="980" ind1=" " ind2=" ">
            <marc:subfield code="a">BookChapter</marc:subfield>
          </marc:datafield>
          <marc:datafield tag="650" ind1="1" ind2="7">
            <marc:subfield code="2">SzGeCERN</marc:subfield>
            <marc:subfield code="a">Particle Physics - Theory</marc:subfield>
          </marc:datafield>
          <marc:datafield tag="916" ind1=" " ind2=" ">
            <marc:subfield code="s">n</marc:subfield>
            <marc:subfield code="w">199850</marc:subfield>
            <marc:subfield code="y">y1971</marc:subfield>
          </marc:datafield>
          <marc:datafield tag="088" ind1=" " ind2=" ">
            <marc:subfield code="a">CERN-TH-1054</marc:subfield>
          </marc:datafield>
          <marc:datafield tag="088" ind1=" " ind2=" ">
            <marc:subfield code="9">CM-P00058277</marc:subfield>
          </marc:datafield>
          <marc:datafield tag="084" ind1=" " ind2=" ">
            <marc:subfield code="2">CERN Library</marc:subfield>
            <marc:subfield code="a">TH-1969-072</marc:subfield>
          </marc:datafield>
          <marc:datafield tag="245" ind1=" " ind2=" ">
            <marc:subfield code="a">Some questions concerning adiabatic transformations</marc:subfield>
          </marc:datafield>
          <marc:datafield tag="260" ind1=" " ind2=" ">
            <marc:subfield code="c">1970</marc:subfield>
          </marc:datafield>
          <marc:datafield tag="595" ind1=" " ind2=" ">
            <marc:subfield code="a">CERN-TH</marc:subfield>
          </marc:datafield>
          <marc:datafield tag="595" ind1=" " ind2=" ">
            <marc:subfield code="a">OA</marc:subfield>
          </marc:datafield>
          <marc:datafield tag="595" ind1=" " ind2=" ">
            <marc:subfield code="a">Inspire</marc:subfield>
          </marc:datafield>
          <marc:datafield tag="100" ind1=" " ind2=" ">
            <marc:subfield code="a">Wick, G C</marc:subfield>
            <marc:subfield code="u">CERN</marc:subfield>
          </marc:datafield>
          <marc:datafield tag="710" ind1=" " ind2=" ">
            <marc:subfield code="5">TH</marc:subfield>
          </marc:datafield>
          <marc:datafield tag="856" ind1="4" ind2=" ">
            <marc:subfield code="u">http://preprints.cern.ch/cgi-bin/setlink?base=preprint&amp;categ=CM-P&amp;id=CM-P00058277</marc:subfield>
            <marc:subfield code="y">Fulltext</marc:subfield>
          </marc:datafield>
          <marc:datafield tag="856" ind1="4" ind2=" ">
            <marc:subfield code="u">http://cds.cern.ch/record/353075/files/CM-P00058277.pdf</marc:subfield>
            <marc:subfield code="y">Fulltext</marc:subfield>
          </marc:datafield>
          <marc:datafield tag="041" ind1=" " ind2=" ">
            <marc:subfield code="a">eng</marc:subfield>
          </marc:datafield>
          <marc:datafield tag="960" ind1=" " ind2=" ">
            <marc:subfield code="a">13</marc:subfield>
          </marc:datafield>
          <marc:datafield tag="961" ind1=" " ind2=" ">
            <marc:subfield code="c">20100227</marc:subfield>
            <marc:subfield code="h">2002</marc:subfield>
            <marc:subfield code="l">CER01</marc:subfield>
            <marc:subfield code="x">19980424</marc:subfield>
          </marc:datafield>
          <marc:datafield tag="962" ind1=" " ind2=" ">
            <marc:subfield code="b">110022</marc:subfield>
            <marc:subfield code="k">287-293</marc:subfield>
            <marc:subfield code="n">book</marc:subfield>
          </marc:datafield>
          <marc:datafield tag="963" ind1=" " ind2=" ">
            <marc:subfield code="a">PUBLIC</marc:subfield>
          </marc:datafield>
        </marc:record>
      </metadata>
    </record>