
    <record>
      <header>
        <identifier>oai:cds.cern.ch:381429</identifier>
        <datestamp>2017-07-27T21:14:29Z</datestamp>
        <setSpec>cerncds:REPORT</setSpec>
        <setSpec>cerncds:FULLTEXT</setSpec>
        <setSpec>forINSPIRE</setSpec>
      </header>
      <metadata>
        <marc:record xmlns:marc="http://www.loc.gov/MARC21/slim" xmlns:xsi="http://www.w3.org/2001/XMLSchema-instance" xsi:schemaLocation="http://www.loc.gov/MARC21/slim http://www.loc.gov/standards/marcxml/schema/MARC21slim.xsd" type="Bibliographic">
          <marc:leader>00000coc  2200000uu 4500</marc:leader>
          <marc:controlfield tag="001">381429</marc:controlfield>
          <marc:controlfield tag="003">SzGeCERN</marc:controlfield>
          <marc:controlfield tag="005">20170727231429.0</marc:controlfield>
          <marc:datafield tag="980" ind1=" " ind2=" ">
            <marc:subfield code="a">BOOK</marc:subfield>
          </marc:datafield>
          <marc:datafield tag="980" ind1=" " ind2=" ">
            <marc:subfield code="b">SCICOMMPUBLLHCC</marc:subfield>
          </marc:datafield>
          <marc:datafield tag="980" ind1=" " ind2=" ">
            <marc:subfield code="b">REPORT</marc:subfield>
          </marc:datafield>
          <marc:datafield tag="980" ind1=" " ind2=" ">
            <marc:subfield code="a">ATLAS_Reports</marc:subfield>
          </marc:datafield>
          <marc:datafield tag="110" ind1=" " ind2=" ">
            <marc:subfield code="a">CERN. Geneva. LHC Experiments Committee</marc:subfield>
          </marc:datafield>
          <marc:datafield tag="490" ind1=" " ind2=" ">
            <marc:subfield code="a">Technical Design Report ATLAS</marc:subfield>
            <marc:subfield code="v">12</marc:subfield>
          </marc:datafield>
          <marc:datafield tag="540" ind1=" " ind2=" ">
            <marc:subfield code="3">Report</marc:subfield>
            <marc:subfield code="a">CC-BY-3.0</marc:subfield>
          </marc:datafield>
          <marc:datafield tag="542" ind1=" " ind2=" ">
            <marc:subfield code="3">Report</marc:subfield>
            <marc:subfield code="d">CERN</marc:subfield>
            <marc:subfield code="g">1998</marc:subfield>
          </marc:datafield>
          <marc:datafield tag="595" ind1=" " ind2=" ">
            <marc:subfield code="a">TDR</marc:subfield>
          </marc:datafield>
          <marc:datafield tag="595" ind1=" " ind2=" ">
            <marc:subfield code="a">refATLAS</marc:subfield>
          </marc:datafield>
          <marc:datafield tag="595" ind1=" " ind2=" ">
            <marc:subfield code="a">No authors</marc:subfield>
          </marc:datafield>
          <marc:datafield tag="595" ind1=" " ind2=" ">
            <marc:subfield code="a">Inspire</marc:subfield>
          </marc:datafield>
          <marc:datafield tag="693" ind1=" " ind2=" ">
            <marc:subfield code="a">CERN LHC</marc:subfield>
            <marc:subfield code="e">ATLAS</marc:subfield>
          </marc:datafield>
          <marc:datafield tag="690" ind1="C" ind2=" ">
            <marc:subfield code="a">CERN</marc:subfield>
          </marc:datafield>
          <marc:datafield tag="690" ind1="C" ind2=" ">
            <marc:subfield code="a">LHCCPUBL</marc:subfield>
          </marc:datafield>
          <marc:datafield tag="690" ind1="C" ind2=" ">
            <marc:subfield code="a">PUBLLHCC</marc:subfield>
          </marc:datafield>
          <marc:datafield tag="690" ind1="C" ind2=" ">
            <marc:subfield code="a">REPORT</marc:subfield>
          </marc:datafield>
          <marc:datafield tag="690" ind1="C" ind2=" ">
            <marc:subfield code="a">SCICOM</marc:subfield>
          </marc:datafield>
          <marc:datafield tag="690" ind1="C" ind2=" ">
            <marc:subfield code="a">ATLAS_Reports</marc:subfield>
          </marc:datafield>
          <marc:datafield tag="650" ind1="1" ind2="7">
            <marc:subfield code="2">SzGeCERN</marc:subfield>
            <marc:subfield code="a">Detectors and Experimental Techniques</marc:subfield>
          </marc:datafield>
          <marc:datafield tag="916" ind1=" " ind2=" ">
            <marc:subfield code="s">h</marc:subfield>
            <marc:subfield code="w">199910</marc:subfield>
            <marc:subfield code="y">a1998</marc:subfield>
          </marc:datafield>
          <marc:datafield tag="300" ind1=" " ind2=" ">
            <marc:subfield code="a">500 p</marc:subfield>
          </marc:datafield>
          <marc:datafield tag="340" ind1=" " ind2=" ">
            <marc:subfield code="a">paper</marc:subfield>
          </marc:datafield>
          <marc:datafield tag="080" ind1=" " ind2=" ">
            <marc:subfield code="a">539.1.072</marc:subfield>
          </marc:datafield>
          <marc:datafield tag="088" ind1=" " ind2=" ">
            <marc:subfield code="9">ATLAS-TDR-012</marc:subfield>
          </marc:datafield>
          <marc:datafield tag="088" ind1=" " ind2=" ">
            <marc:subfield code="a">ATLAS-TDR-12</marc:subfield>
          </marc:datafield>
          <marc:datafield tag="088" ind1=" " ind2=" ">
            <marc:subfield code="a">CERN-LHCC-98-014</marc:subfield>
          </marc:datafield>
          <marc:datafield tag="710" ind1=" " ind2=" ">
            <marc:subfield code="a">LHCC</marc:subfield>
          </marc:datafield>
          <marc:datafield tag="710" ind1=" " ind2=" ">
            <marc:subfield code="g">ATLAS Collaboration</marc:subfield>
          </marc:datafield>
          <marc:datafield tag="710" ind1=" " ind2=" ">
            <marc:subfield code="5">EP</marc:subfield>
          </marc:datafield>
          <marc:datafield tag="852" ind1=" " ind2=" ">
            <marc:subfield code="c">CERN Depot 1, bldg. 2 (DE1)</marc:subfield>
            <marc:subfield code="h">539.1.072 ATL</marc:subfield>
          </marc:datafield>
          <marc:datafield tag="852" ind1=" " ind2=" ">
            <marc:subfield code="c">CERN Central Library</marc:subfield>
            <marc:subfield code="h">539.1.072 ATL</marc:subfield>
          </marc:datafield>
          <marc:datafield tag="856" ind1="4" ind2=" ">
            <marc:subfield code="u">http://documents.cern.ch/cgi-bin/setlink?base=generic&amp;categ=public&amp;id=cer-0307030</marc:subfield>
            <marc:subfield code="y">Fulltext</marc:subfield>
          </marc:datafield>
          <marc:datafield tag="856" ind1="4" ind2=" ">
            <marc:subfield code="u">http://cds.cern.ch/record/381429/files/cer-0307030.pdf</marc:subfield>
            <marc:subfield code="y">Fulltext</marc:subfield>
          </marc:datafield>
          <marc:datafield tag="856" ind1="4" ind2=" ">
            <marc:subfield code="u">http://cds.cern.ch/record/381429/files/cer-0307030.ps.gz</marc:subfield>
            <marc:subfield code="y">Fulltext</marc:subfield>
          </marc:datafield>
          <marc:datafield tag="260" ind1=" " ind2=" ">
            <marc:subfield code="a">Geneva</marc:subfield>
            <marc:subfield code="b">CERN</marc:subfield>
            <marc:subfield code="c">1998</marc:subfield>
          </marc:datafield>
          <marc:datafield tag="020" ind1=" " ind2=" ">
            <marc:subfield code="a">9290831286</marc:subfield>
          </marc:datafield>
          <marc:datafield tag="020" ind1=" " ind2=" ">
            <marc:subfield code="a">9789290831280</marc:subfield>
          </marc:datafield>
          <marc:datafield tag="024" ind1="8" ind2=" ">
            <marc:subfield code="a">oai:cds.cern.ch:381429</marc:subfield>
            <marc:subfield code="p">cerncds:FULLTEXT</marc:subfield>
            <marc:subfield code="p">cerncds:REPORT</marc:subfield>
            <marc:subfield code="p">forINSPIRE</marc:subfield>
          </marc:datafield>
          <marc:datafield tag="035" ind1=" " ind2=" ">
            <marc:subfield code="9">CERN annual report</marc:subfield>
            <marc:subfield code="a">98-0005</marc:subfield>
          </marc:datafield>
          <marc:datafield tag="035" ind1=" " ind2=" ">
            <marc:subfield code="9">Inspire</marc:subfield>
            <marc:subfield code="a">479933</marc:subfield>
          </marc:datafield>
          <marc:datafield tag="041" ind1=" " ind2=" ">
            <marc:subfield code="a">eng</marc:subfield>
          </marc:datafield>
          <marc:datafield tag="964" ind1=" " ind2=" ">
            <marc:subfield code="a">0003</marc:subfield>
          </marc:datafield>
          <marc:datafield tag="245" ind1=" " ind2=" ">
            <marc:subfield code="a">ATLAS level-1 trigger</marc:subfield>
            <marc:subfield code="b">Technical Design Report</marc:subfield>
          </marc:datafield>
          <marc:datafield tag="960" ind1=" " ind2=" ">
            <marc:subfield code="a">21</marc:subfield>
          </marc:datafield>
          <marc:datafield tag="961" ind1=" " ind2=" ">
            <marc:subfield code="c">20101109</marc:subfield>
            <marc:subfield code="h">0940</marc:subfield>
            <marc:subfield code="l">CER01</marc:subfield>
            <marc:subfield code="x">19990312</marc:subfield>
          </marc:datafield>
          <marc:datafield tag="963" ind1=" " ind2=" ">
            <marc:subfield code="a">PUBLIC</marc:subfield>
          </marc:datafield>
        </marc:record>
      </metadata>
    </record>