
    <record>
      <header>
        <identifier>oai:cds.cern.ch:385378</identifier>
        <datestamp>2017-07-27T21:14:29Z</datestamp>
        <setSpec>cerncds:CERN</setSpec>
        <setSpec>cerncds:CERN:FULLTEXT</setSpec>
        <setSpec>cerncds:REPORT</setSpec>
        <setSpec>cerncds:FULLTEXT</setSpec>
        <setSpec>forINSPIRE</setSpec>
      </header>
      <metadata>
        <marc:record xmlns:marc="http://www.loc.gov/MARC21/slim" xmlns:xsi="http://www.w3.org/2001/XMLSchema-instance" xsi:schemaLocation="http://www.loc.gov/MARC21/slim http://www.loc.gov/standards/marcxml/schema/MARC21slim.xsd" type="Bibliographic">
          <marc:leader>00000coc  2200000uu 4500</marc:leader>
          <marc:controlfield tag="001">385378</marc:controlfield>
          <marc:controlfield tag="003">SzGeCERN</marc:controlfield>
          <marc:controlfield tag="005">20170803223650.0</marc:controlfield>
          <marc:datafield tag="024" ind1="8" ind2=" ">
            <marc:subfield code="a">oai:cds.cern.ch:385378</marc:subfield>
            <marc:subfield code="p">cerncds:FULLTEXT</marc:subfield>
            <marc:subfield code="p">cerncds:REPORT</marc:subfield>
            <marc:subfield code="p">cerncds:CERN:FULLTEXT</marc:subfield>
            <marc:subfield code="p">cerncds:CERN</marc:subfield>
            <marc:subfield code="p">forINSPIRE</marc:subfield>
          </marc:datafield>
          <marc:datafield tag="035" ind1=" " ind2=" ">
            <marc:subfield code="9">Inspire</marc:subfield>
            <marc:subfield code="a">1614060</marc:subfield>
          </marc:datafield>
          <marc:datafield tag="100" ind1=" " ind2=" ">
            <marc:subfield code="a">Badano, L</marc:subfield>
          </marc:datafield>
          <marc:datafield tag="693" ind1=" " ind2=" ">
            <marc:subfield code="a">CERN PS</marc:subfield>
          </marc:datafield>
          <marc:datafield tag="700" ind1=" " ind2=" ">
            <marc:subfield code="0">AUTHOR|(CDS)2108454</marc:subfield>
            <marc:subfield code="9">#BEARD#</marc:subfield>
            <marc:subfield code="a">Benedikt, Michael</marc:subfield>
          </marc:datafield>
          <marc:datafield tag="700" ind1=" " ind2=" ">
            <marc:subfield code="a">Bryant, P J</marc:subfield>
          </marc:datafield>
          <marc:datafield tag="700" ind1=" " ind2=" ">
            <marc:subfield code="a">Crescenti, M</marc:subfield>
          </marc:datafield>
          <marc:datafield tag="700" ind1=" " ind2=" ">
            <marc:subfield code="a">Holy, P</marc:subfield>
          </marc:datafield>
          <marc:datafield tag="700" ind1=" " ind2=" ">
            <marc:subfield code="a">Maier, A T</marc:subfield>
          </marc:datafield>
          <marc:datafield tag="700" ind1=" " ind2=" ">
            <marc:subfield code="a">Pullia, M</marc:subfield>
          </marc:datafield>
          <marc:datafield tag="700" ind1=" " ind2=" ">
            <marc:subfield code="a">Rossi, S</marc:subfield>
          </marc:datafield>
          <marc:datafield tag="700" ind1=" " ind2=" ">
            <marc:subfield code="a">Knaus, P</marc:subfield>
          </marc:datafield>
          <marc:datafield tag="690" ind1="C" ind2=" ">
            <marc:subfield code="a">ARTICLE</marc:subfield>
            <marc:subfield code="a">Design Report</marc:subfield>
          </marc:datafield>
          <marc:datafield tag="690" ind1="C" ind2=" ">
            <marc:subfield code="a">CERN</marc:subfield>
          </marc:datafield>
          <marc:datafield tag="970" ind1=" " ind2=" ">
            <marc:subfield code="a">000311417CER</marc:subfield>
          </marc:datafield>
          <marc:datafield tag="980" ind1=" " ind2=" ">
            <marc:subfield code="a">ARTICLE</marc:subfield>
          </marc:datafield>
          <marc:datafield tag="980" ind1=" " ind2=" ">
            <marc:subfield code="a">REPORT</marc:subfield>
          </marc:datafield>
          <marc:datafield tag="980" ind1=" " ind2=" ">
            <marc:subfield code="a">ConferencePaper</marc:subfield>
          </marc:datafield>
          <marc:datafield tag="980" ind1=" " ind2=" ">
            <marc:subfield code="a">BookChapter</marc:subfield>
          </marc:datafield>
          <marc:datafield tag="037" ind1=" " ind2=" ">
            <marc:subfield code="a">CERN-PS-99-010-DI</marc:subfield>
          </marc:datafield>
          <marc:datafield tag="520" ind1=" " ind2=" ">
            <marc:subfield code="a">The Proton-Ion Medical Machine Study (PIMMS) group was formed following an agreement between the Med-AUSTRON (Austria) and the TERA Foundation (Italy) to combine their efforts in the design of a cancer therapy synchrotron. CERN agreed to host this study in its PS Division and a close collaboration was set up with GSI (Germany). The study group was later joined by Onkologie-2000 (Czech Republic). Effort was first focused on the theoretical understanding of slow extraction and the techniques required to produce a smooth beam spill for the conformal treatment of complex-shaped tumours with a sub-millimetre accuracy by active scanning with proton and carbon ion beams. Considerations for passive scanning were also included. The more general and theoretical aspects of the study are recorded in Part I and the more specific technical design considerations are presented in a second volume Part II. The PIMMS team started their work in January 1996 in the PS Division and continued for a period of three years.</marc:subfield>
          </marc:datafield>
          <marc:datafield tag="595" ind1=" " ind2=" ">
            <marc:subfield code="a">CERN EDS</marc:subfield>
          </marc:datafield>
          <marc:datafield tag="595" ind1=" " ind2=" ">
            <marc:subfield code="z">CLAS1</marc:subfield>
          </marc:datafield>
          <marc:datafield tag="595" ind1=" " ind2=" ">
            <marc:subfield code="a">Inspire</marc:subfield>
          </marc:datafield>
          <marc:datafield tag="650" ind1="1" ind2="7">
            <marc:subfield code="2">SzGeCERN</marc:subfield>
            <marc:subfield code="a">Accelerators and Storage Rings</marc:subfield>
          </marc:datafield>
          <marc:datafield tag="916" ind1=" " ind2=" ">
            <marc:subfield code="s">n</marc:subfield>
            <marc:subfield code="w">199916</marc:subfield>
            <marc:subfield code="y">a2000</marc:subfield>
          </marc:datafield>
          <marc:datafield tag="300" ind1=" " ind2=" ">
            <marc:subfield code="a">232 p</marc:subfield>
          </marc:datafield>
          <marc:datafield tag="340" ind1=" " ind2=" ">
            <marc:subfield code="a">paper</marc:subfield>
          </marc:datafield>
          <marc:datafield tag="710" ind1=" " ind2=" ">
            <marc:subfield code="g">CERN-TERA Foundation-MedAustron Oncology-2000 Collaboration</marc:subfield>
          </marc:datafield>
          <marc:datafield tag="710" ind1=" " ind2=" ">
            <marc:subfield code="5">PS</marc:subfield>
          </marc:datafield>
          <marc:datafield tag="852" ind1=" " ind2=" ">
            <marc:subfield code="c">CERN Depot 4, bldg. 500-S-023 (DE4)</marc:subfield>
            <marc:subfield code="h">CERN-PS-99-010-DI</marc:subfield>
          </marc:datafield>
          <marc:datafield tag="856" ind1="4" ind2=" ">
            <marc:subfield code="u">http://preprints.cern.ch/cgi-bin/setlink?base=preprint&amp;categ=cern&amp;id=ps-99-010</marc:subfield>
            <marc:subfield code="y">Access to fulltext document</marc:subfield>
          </marc:datafield>
          <marc:datafield tag="856" ind1="4" ind2=" ">
            <marc:subfield code="u">http://cds.cern.ch/record/385378/files/ps-99-010.pdf</marc:subfield>
            <marc:subfield code="y">Access to fulltext document</marc:subfield>
          </marc:datafield>
          <marc:datafield tag="856" ind1="4" ind2=" ">
            <marc:subfield code="u">http://cds.cern.ch/record/385378/files/ps-99-010.ps.gz</marc:subfield>
            <marc:subfield code="y">Access to fulltext document</marc:subfield>
          </marc:datafield>
          <marc:datafield tag="260" ind1=" " ind2=" ">
            <marc:subfield code="c">2000</marc:subfield>
          </marc:datafield>
          <marc:datafield tag="269" ind1=" " ind2=" ">
            <marc:subfield code="c">2 Mar 1999</marc:subfield>
          </marc:datafield>
          <marc:datafield tag="041" ind1=" " ind2=" ">
            <marc:subfield code="a">eng</marc:subfield>
          </marc:datafield>
          <marc:datafield tag="964" ind1=" " ind2=" ">
            <marc:subfield code="a">0001</marc:subfield>
          </marc:datafield>
          <marc:datafield tag="245" ind1=" " ind2=" ">
            <marc:subfield code="a">Proton-Ion Medical Machine Study (PIMMS), 1</marc:subfield>
          </marc:datafield>
          <marc:datafield tag="901" ind1=" " ind2=" ">
            <marc:subfield code="u">CERN</marc:subfield>
          </marc:datafield>
          <marc:datafield tag="960" ind1=" " ind2=" ">
            <marc:subfield code="a">13</marc:subfield>
          </marc:datafield>
          <marc:datafield tag="961" ind1=" " ind2=" ">
            <marc:subfield code="c">20100226</marc:subfield>
            <marc:subfield code="h">2004</marc:subfield>
            <marc:subfield code="l">CER01</marc:subfield>
            <marc:subfield code="x">19990422</marc:subfield>
          </marc:datafield>
          <marc:datafield tag="962" ind1=" " ind2=" ">
            <marc:subfield code="b">448963</marc:subfield>
            <marc:subfield code="k">no pagination</marc:subfield>
            <marc:subfield code="n">book</marc:subfield>
          </marc:datafield>
          <marc:datafield tag="963" ind1=" " ind2=" ">
            <marc:subfield code="a">PUBLIC</marc:subfield>
          </marc:datafield>
        </marc:record>
      </metadata>
    </record>