
    <record>
      <header>
        <identifier>oai:cds.cern.ch:455810</identifier>
        <datestamp>2017-07-31T20:11:48Z</datestamp>
        <setSpec>cerncds:CERN</setSpec>
        <setSpec>cerncds:CERN:FULLTEXT</setSpec>
        <setSpec>cerncds:FULLTEXT</setSpec>
        <setSpec>forINSPIRE</setSpec>
      </header>
      <metadata>
        <marc:record xmlns:marc="http://www.loc.gov/MARC21/slim" xmlns:xsi="http://www.w3.org/2001/XMLSchema-instance" xsi:schemaLocation="http://www.loc.gov/MARC21/slim http://www.loc.gov/standards/marcxml/schema/MARC21slim.xsd" type="Bibliographic">
          <marc:leader>00000coc  2200000uu 4500</marc:leader>
          <marc:controlfield tag="001">455810</marc:controlfield>
          <marc:controlfield tag="003">SzGeCERN</marc:controlfield>
          <marc:controlfield tag="005">20170731221148.0</marc:controlfield>
          <marc:datafield tag="024" ind1="8" ind2=" ">
            <marc:subfield code="a">oai:cds.cern.ch:455810</marc:subfield>
            <marc:subfield code="p">cerncds:FULLTEXT</marc:subfield>
            <marc:subfield code="p">cerncds:CERN:FULLTEXT</marc:subfield>
            <marc:subfield code="p">cerncds:CERN</marc:subfield>
            <marc:subfield code="p">forINSPIRE</marc:subfield>
          </marc:datafield>
          <marc:datafield tag="035" ind1=" " ind2=" ">
            <marc:subfield code="9">Inspire</marc:subfield>
            <marc:subfield code="a">1509554</marc:subfield>
          </marc:datafield>
          <marc:datafield tag="041" ind1=" " ind2=" ">
            <marc:subfield code="a">eng</marc:subfield>
          </marc:datafield>
          <marc:datafield tag="088" ind1=" " ind2=" ">
            <marc:subfield code="9">SIS-2000-007</marc:subfield>
          </marc:datafield>
          <marc:datafield tag="088" ind1=" " ind2=" ">
            <marc:subfield code="a">LUNFD-6-NFFL-7083</marc:subfield>
          </marc:datafield>
          <marc:datafield tag="100" ind1=" " ind2=" ">
            <marc:subfield code="a">Lindstrøm, M</marc:subfield>
            <marc:subfield code="u">Lund U.</marc:subfield>
          </marc:datafield>
          <marc:datafield tag="245" ind1=" " ind2=" ">
            <marc:subfield code="a">Track reconstruction in the ATLAS detector using elastic arms</marc:subfield>
          </marc:datafield>
          <marc:datafield tag="260" ind1=" " ind2=" ">
            <marc:subfield code="a">Lund</marc:subfield>
            <marc:subfield code="b">Lunds Univ. Dept. Nucl. Phys.</marc:subfield>
            <marc:subfield code="c">1995</marc:subfield>
          </marc:datafield>
          <marc:datafield tag="269" ind1=" " ind2=" ">
            <marc:subfield code="c">1995</marc:subfield>
          </marc:datafield>
          <marc:datafield tag="300" ind1=" " ind2=" ">
            <marc:subfield code="a">30 p</marc:subfield>
          </marc:datafield>
          <marc:datafield tag="595" ind1=" " ind2=" ">
            <marc:subfield code="a">CERN EDS</marc:subfield>
          </marc:datafield>
          <marc:datafield tag="595" ind1=" " ind2=" ">
            <marc:subfield code="a">Inspire</marc:subfield>
          </marc:datafield>
          <marc:datafield tag="650" ind1="1" ind2="7">
            <marc:subfield code="2">SzGeCERN</marc:subfield>
            <marc:subfield code="a">Detectors and Experimental Techniques</marc:subfield>
          </marc:datafield>
          <marc:datafield tag="690" ind1="C" ind2=" ">
            <marc:subfield code="a">CERN</marc:subfield>
          </marc:datafield>
          <marc:datafield tag="690" ind1="C" ind2=" ">
            <marc:subfield code="a">ARTICLE</marc:subfield>
          </marc:datafield>
          <marc:datafield tag="693" ind1=" " ind2=" ">
            <marc:subfield code="a">DESY HERA</marc:subfield>
            <marc:subfield code="e">HERA-B</marc:subfield>
          </marc:datafield>
          <marc:datafield tag="693" ind1=" " ind2=" ">
            <marc:subfield code="a">CERN LHC</marc:subfield>
            <marc:subfield code="e">ATLAS</marc:subfield>
          </marc:datafield>
          <marc:datafield tag="773" ind1=" " ind2=" ">
            <marc:subfield code="c">129-149</marc:subfield>
            <marc:subfield code="p">Nucl. Instrum. Methods Phys. Res., A</marc:subfield>
            <marc:subfield code="v">357</marc:subfield>
            <marc:subfield code="y">1995</marc:subfield>
          </marc:datafield>
          <marc:datafield tag="856" ind1="4" ind2=" ">
            <marc:subfield code="u">http://documents.cern.ch/cgi-bin/setlink?base=other&amp;categ=sis&amp;id=sis-2000-007</marc:subfield>
            <marc:subfield code="y">Access to fulltext document</marc:subfield>
          </marc:datafield>
          <marc:datafield tag="856" ind1="4" ind2=" ">
            <marc:subfield code="u">http://cds.cern.ch/record/455810/files/sis-2000-007.pdf</marc:subfield>
            <marc:subfield code="y">Access to fulltext document</marc:subfield>
          </marc:datafield>
          <marc:datafield tag="856" ind1="4" ind2=" ">
            <marc:subfield code="u">http://cds.cern.ch/record/455810/files/sis-2000-007.ps.gz</marc:subfield>
            <marc:subfield code="y">Access to fulltext document</marc:subfield>
          </marc:datafield>
          <marc:datafield tag="859" ind1=" " ind2=" ">
            <marc:subfield code="f">sis.prepteam@cern.ch</marc:subfield>
          </marc:datafield>
          <marc:datafield tag="916" ind1=" " ind2=" ">
            <marc:subfield code="s">n</marc:subfield>
            <marc:subfield code="w">200035</marc:subfield>
            <marc:subfield code="y">y2000</marc:subfield>
          </marc:datafield>
          <marc:datafield tag="960" ind1=" " ind2=" ">
            <marc:subfield code="a">13</marc:subfield>
          </marc:datafield>
          <marc:datafield tag="961" ind1=" " ind2=" ">
            <marc:subfield code="c">20110201</marc:subfield>
            <marc:subfield code="h">1628</marc:subfield>
            <marc:subfield code="l">CER01</marc:subfield>
            <marc:subfield code="x">20000831</marc:subfield>
          </marc:datafield>
          <marc:datafield tag="963" ind1=" " ind2=" ">
            <marc:subfield code="a">PUBLIC</marc:subfield>
          </marc:datafield>
          <marc:datafield tag="970" ind1=" " ind2=" ">
            <marc:subfield code="a">002207692CER</marc:subfield>
          </marc:datafield>
          <marc:datafield tag="980" ind1=" " ind2=" ">
            <marc:subfield code="a">ARTICLE</marc:subfield>
          </marc:datafield>
          <marc:datafield tag="999" ind1="C" ind2="6">
            <marc:subfield code="a">Invenio/0.99.90.20100623 refextract/0.99.90.20100623-1297090973-0-0-2-0-0-8</marc:subfield>
          </marc:datafield>
        </marc:record>
      </metadata>
    </record>