
    <record>
      <header>
        <identifier>oai:cds.cern.ch:562652</identifier>
        <datestamp>2017-01-11T22:52:25Z</datestamp>
        <setSpec>forINSPIRE</setSpec>
      </header>
      <metadata>
        <marc:record xmlns:marc="http://www.loc.gov/MARC21/slim" xmlns:xsi="http://www.w3.org/2001/XMLSchema-instance" xsi:schemaLocation="http://www.loc.gov/MARC21/slim http://www.loc.gov/standards/marcxml/schema/MARC21slim.xsd" type="Bibliographic">
          <marc:leader>00000coc  2200000uu 4500</marc:leader>
          <marc:controlfield tag="001">562652</marc:controlfield>
          <marc:controlfield tag="003">SzGeCERN</marc:controlfield>
          <marc:controlfield tag="005">20170119222516.0</marc:controlfield>
          <marc:datafield tag="024" ind1="8" ind2=" ">
            <marc:subfield code="a">oai:cds.cern.ch:562652</marc:subfield>
            <marc:subfield code="p">forINSPIRE</marc:subfield>
          </marc:datafield>
          <marc:datafield tag="035" ind1=" " ind2=" ">
            <marc:subfield code="9">DOE</marc:subfield>
            <marc:subfield code="a">785368</marc:subfield>
          </marc:datafield>
          <marc:datafield tag="035" ind1=" " ind2=" ">
            <marc:subfield code="9">Inspire</marc:subfield>
            <marc:subfield code="a">1509557</marc:subfield>
          </marc:datafield>
          <marc:datafield tag="690" ind1="C" ind2=" ">
            <marc:subfield code="a">Preprint</marc:subfield>
          </marc:datafield>
          <marc:datafield tag="088" ind1=" " ind2=" ">
            <marc:subfield code="a">BNL-68561</marc:subfield>
          </marc:datafield>
          <marc:datafield tag="961" ind1=" " ind2=" ">
            <marc:subfield code="c">20100303</marc:subfield>
            <marc:subfield code="h">2000</marc:subfield>
            <marc:subfield code="l">CER01</marc:subfield>
            <marc:subfield code="x">20020622</marc:subfield>
          </marc:datafield>
          <marc:datafield tag="963" ind1=" " ind2=" ">
            <marc:subfield code="a">PUBLIC</marc:subfield>
          </marc:datafield>
          <marc:datafield tag="300" ind1=" " ind2=" ">
            <marc:subfield code="a">mult. p</marc:subfield>
          </marc:datafield>
          <marc:datafield tag="595" ind1=" " ind2=" ">
            <marc:subfield code="a">SIS DOE2002</marc:subfield>
          </marc:datafield>
          <marc:datafield tag="595" ind1=" " ind2=" ">
            <marc:subfield code="a">Inspire</marc:subfield>
          </marc:datafield>
          <marc:datafield tag="980" ind1=" " ind2=" ">
            <marc:subfield code="a">Preprint</marc:subfield>
          </marc:datafield>
          <marc:datafield tag="970" ind1=" " ind2=" ">
            <marc:subfield code="a">002320462CER</marc:subfield>
          </marc:datafield>
          <marc:datafield tag="856" ind1="4" ind2=" ">
            <marc:subfield code="u">http://www.osti.gov/gpo/servlets/purl/785368-3WTpMd/webviewable/</marc:subfield>
            <marc:subfield code="y">Records from U.S. DOE Office of Scientific and Technical Information</marc:subfield>
          </marc:datafield>
          <marc:datafield tag="245" ind1=" " ind2=" ">
            <marc:subfield code="a">A Study Of Rapid Cavity Tuning.</marc:subfield>
          </marc:datafield>
          <marc:datafield tag="260" ind1=" " ind2=" ">
            <marc:subfield code="a">Upton, NY</marc:subfield>
            <marc:subfield code="b">Brookhaven Nat. Lab.</marc:subfield>
            <marc:subfield code="c">2001</marc:subfield>
          </marc:datafield>
          <marc:datafield tag="650" ind1="1" ind2="7">
            <marc:subfield code="2">SzGeCERN</marc:subfield>
            <marc:subfield code="a">Accelerators</marc:subfield>
          </marc:datafield>
          <marc:datafield tag="960" ind1=" " ind2=" ">
            <marc:subfield code="a">11</marc:subfield>
          </marc:datafield>
          <marc:datafield tag="100" ind1=" " ind2=" ">
            <marc:subfield code="a">Zhao, Y</marc:subfield>
          </marc:datafield>
          <marc:datafield tag="916" ind1=" " ind2=" ">
            <marc:subfield code="s">n</marc:subfield>
            <marc:subfield code="w">200225</marc:subfield>
          </marc:datafield>
          <marc:datafield tag="041" ind1=" " ind2=" ">
            <marc:subfield code="a">eng</marc:subfield>
          </marc:datafield>
        </marc:record>
      </metadata>
    </record>