
    <record>
      <header>
        <identifier>oai:cds.cern.ch:1158278</identifier>
        <datestamp>2017-01-11T22:52:26Z</datestamp>
        <setSpec>cerncds:CERN</setSpec>
        <setSpec>cerncds:CERN:FULLTEXT</setSpec>
        <setSpec>cerncds:FULLTEXT</setSpec>
        <setSpec>forINSPIRE</setSpec>
      </header>
      <metadata>
        <marc:record xmlns:marc="http://www.loc.gov/MARC21/slim" xmlns:xsi="http://www.w3.org/2001/XMLSchema-instance" xsi:schemaLocation="http://www.loc.gov/MARC21/slim http://www.loc.gov/standards/marcxml/schema/MARC21slim.xsd" type="Bibliographic">
          <marc:leader>00000coc  2200000uu 4500</marc:leader>
          <marc:controlfield tag="001">1158278</marc:controlfield>
          <marc:controlfield tag="003">SzGeCERN</marc:controlfield>
          <marc:controlfield tag="005">20170111235226.0</marc:controlfield>
          <marc:datafield tag="024" ind1="8" ind2=" ">
            <marc:subfield code="a">oai:cds.cern.ch:1158278</marc:subfield>
            <marc:subfield code="p">cerncds:FULLTEXT</marc:subfield>
            <marc:subfield code="p">cerncds:CERN:FULLTEXT</marc:subfield>
            <marc:subfield code="p">cerncds:CERN</marc:subfield>
            <marc:subfield code="p">forINSPIRE</marc:subfield>
          </marc:datafield>
          <marc:datafield tag="035" ind1=" " ind2=" ">
            <marc:subfield code="9">SPIRES</marc:subfield>
            <marc:subfield code="a">8080704</marc:subfield>
          </marc:datafield>
          <marc:datafield tag="035" ind1=" " ind2=" ">
            <marc:subfield code="9">Inspire</marc:subfield>
            <marc:subfield code="a">804751</marc:subfield>
          </marc:datafield>
          <marc:datafield tag="650" ind1="1" ind2="7">
            <marc:subfield code="2">SzGeCERN</marc:subfield>
            <marc:subfield code="a">Accelerators and Storage Rings</marc:subfield>
          </marc:datafield>
          <marc:datafield tag="980" ind1=" " ind2=" ">
            <marc:subfield code="a">ARTICLE</marc:subfield>
          </marc:datafield>
          <marc:datafield tag="693" ind1=" " ind2=" ">
            <marc:subfield code="a">XX</marc:subfield>
            <marc:subfield code="e">XX</marc:subfield>
          </marc:datafield>
          <marc:datafield tag="700" ind1=" " ind2=" ">
            <marc:subfield code="a">Vomiero, Alberto</marc:subfield>
            <marc:subfield code="u">INFM, Brescia</marc:subfield>
          </marc:datafield>
          <marc:datafield tag="700" ind1=" " ind2=" ">
            <marc:subfield code="a">Baricordi, Stefano</marc:subfield>
            <marc:subfield code="u">INFN, Ferrara</marc:subfield>
            <marc:subfield code="u">Ferrara U.</marc:subfield>
          </marc:datafield>
          <marc:datafield tag="700" ind1=" " ind2=" ">
            <marc:subfield code="a">Dalpiaz, Pietro</marc:subfield>
            <marc:subfield code="u">INFN, Ferrara</marc:subfield>
            <marc:subfield code="u">Ferrara U.</marc:subfield>
          </marc:datafield>
          <marc:datafield tag="700" ind1=" " ind2=" ">
            <marc:subfield code="a">Fiorini, Massimiliano</marc:subfield>
            <marc:subfield code="u">INFN, Ferrara</marc:subfield>
            <marc:subfield code="u">Ferrara U.</marc:subfield>
          </marc:datafield>
          <marc:datafield tag="700" ind1=" " ind2=" ">
            <marc:subfield code="a">Guidi, Vincenzo</marc:subfield>
            <marc:subfield code="u">INFN, Ferrara</marc:subfield>
            <marc:subfield code="u">Ferrara U.</marc:subfield>
          </marc:datafield>
          <marc:datafield tag="700" ind1=" " ind2=" ">
            <marc:subfield code="a">Mazzolari, Andrea</marc:subfield>
            <marc:subfield code="u">INFN, Ferrara</marc:subfield>
            <marc:subfield code="u">Ferrara U.</marc:subfield>
          </marc:datafield>
          <marc:datafield tag="700" ind1=" " ind2=" ">
            <marc:subfield code="a">Della Mea, Gianantonio</marc:subfield>
            <marc:subfield code="u">INFN, Legnaro</marc:subfield>
          </marc:datafield>
          <marc:datafield tag="700" ind1=" " ind2=" ">
            <marc:subfield code="a">Milan, Riccardo</marc:subfield>
            <marc:subfield code="u">INFN, Legnaro</marc:subfield>
          </marc:datafield>
          <marc:datafield tag="700" ind1=" " ind2=" ">
            <marc:subfield code="a">Ambrosi, Giovanni</marc:subfield>
            <marc:subfield code="u">INFN, Perugia</marc:subfield>
            <marc:subfield code="u">Perugia U.</marc:subfield>
          </marc:datafield>
          <marc:datafield tag="700" ind1=" " ind2=" ">
            <marc:subfield code="a">Bertucci, Bruna</marc:subfield>
            <marc:subfield code="u">INFN, Perugia</marc:subfield>
            <marc:subfield code="u">Perugia U.</marc:subfield>
          </marc:datafield>
          <marc:datafield tag="700" ind1=" " ind2=" ">
            <marc:subfield code="a">Burger, William J</marc:subfield>
            <marc:subfield code="u">INFN, Perugia</marc:subfield>
            <marc:subfield code="u">Perugia U.</marc:subfield>
          </marc:datafield>
          <marc:datafield tag="700" ind1=" " ind2=" ">
            <marc:subfield code="a">Zuccon, Paolo</marc:subfield>
            <marc:subfield code="u">INFN, Perugia</marc:subfield>
            <marc:subfield code="u">Perugia U.</marc:subfield>
          </marc:datafield>
          <marc:datafield tag="700" ind1=" " ind2=" ">
            <marc:subfield code="a">Cavoto, Gianluca</marc:subfield>
            <marc:subfield code="u">INFN, Rome</marc:subfield>
          </marc:datafield>
          <marc:datafield tag="700" ind1=" " ind2=" ">
            <marc:subfield code="a">Luci, Claudio</marc:subfield>
            <marc:subfield code="u">INFN, Rome</marc:subfield>
          </marc:datafield>
          <marc:datafield tag="700" ind1=" " ind2=" ">
            <marc:subfield code="a">Santacesaria, Roberta</marc:subfield>
            <marc:subfield code="u">INFN, Rome</marc:subfield>
            <marc:subfield code="0">AUTHOR|(CDS)2068941</marc:subfield>
            <marc:subfield code="9">#BEARD#</marc:subfield>
          </marc:datafield>
          <marc:datafield tag="700" ind1=" " ind2=" ">
            <marc:subfield code="a">Valente, Paolo</marc:subfield>
            <marc:subfield code="u">INFN, Rome</marc:subfield>
            <marc:subfield code="0">AUTHOR|(CDS)2068795</marc:subfield>
            <marc:subfield code="9">#BEARD#</marc:subfield>
          </marc:datafield>
          <marc:datafield tag="700" ind1=" " ind2=" ">
            <marc:subfield code="a">Vallazza, Erik</marc:subfield>
            <marc:subfield code="u">INFN, Trieste</marc:subfield>
          </marc:datafield>
          <marc:datafield tag="700" ind1=" " ind2=" ">
            <marc:subfield code="a">Afonin, Alexander G</marc:subfield>
            <marc:subfield code="u">Serpukhov, IHEP</marc:subfield>
          </marc:datafield>
          <marc:datafield tag="700" ind1=" " ind2=" ">
            <marc:subfield code="a">Chesnokov, Yury A</marc:subfield>
            <marc:subfield code="u">Serpukhov, IHEP</marc:subfield>
          </marc:datafield>
          <marc:datafield tag="700" ind1=" " ind2=" ">
            <marc:subfield code="a">Maisheev, Vladimir A</marc:subfield>
            <marc:subfield code="u">Serpukhov, IHEP</marc:subfield>
          </marc:datafield>
          <marc:datafield tag="700" ind1=" " ind2=" ">
            <marc:subfield code="a">Yazynin, Igor A</marc:subfield>
            <marc:subfield code="u">Serpukhov, IHEP</marc:subfield>
          </marc:datafield>
          <marc:datafield tag="700" ind1=" " ind2=" ">
            <marc:subfield code="a">Kovalenko, Alexander D</marc:subfield>
            <marc:subfield code="u">Dubna, JINR</marc:subfield>
          </marc:datafield>
          <marc:datafield tag="700" ind1=" " ind2=" ">
            <marc:subfield code="a">Taratin, Alexander M</marc:subfield>
            <marc:subfield code="u">Dubna, JINR</marc:subfield>
          </marc:datafield>
          <marc:datafield tag="700" ind1=" " ind2=" ">
            <marc:subfield code="a">Denisov, Alexander S</marc:subfield>
            <marc:subfield code="u">St. Petersburg, INP</marc:subfield>
          </marc:datafield>
          <marc:datafield tag="700" ind1=" " ind2=" ">
            <marc:subfield code="a">Gavrikov, Yury A</marc:subfield>
            <marc:subfield code="u">St. Petersburg, INP</marc:subfield>
          </marc:datafield>
          <marc:datafield tag="700" ind1=" " ind2=" ">
            <marc:subfield code="a">Ivanov, Yuri M</marc:subfield>
            <marc:subfield code="u">St. Petersburg, INP</marc:subfield>
          </marc:datafield>
          <marc:datafield tag="700" ind1=" " ind2=" ">
            <marc:subfield code="a">Lapina, Lyubov P</marc:subfield>
            <marc:subfield code="u">St. Petersburg, INP</marc:subfield>
          </marc:datafield>
          <marc:datafield tag="700" ind1=" " ind2=" ">
            <marc:subfield code="a">Malyarenko, Liudmila G</marc:subfield>
            <marc:subfield code="u">St. Petersburg, INP</marc:subfield>
          </marc:datafield>
          <marc:datafield tag="700" ind1=" " ind2=" ">
            <marc:subfield code="a">Skorobogatov, Vyacheslav V</marc:subfield>
            <marc:subfield code="u">St. Petersburg, INP</marc:subfield>
          </marc:datafield>
          <marc:datafield tag="700" ind1=" " ind2=" ">
            <marc:subfield code="a">Suvorov, Vsevolod M</marc:subfield>
            <marc:subfield code="u">St. Petersburg, INP</marc:subfield>
          </marc:datafield>
          <marc:datafield tag="700" ind1=" " ind2=" ">
            <marc:subfield code="a">Vavilov, Sergey A</marc:subfield>
            <marc:subfield code="u">St. Petersburg, INP</marc:subfield>
          </marc:datafield>
          <marc:datafield tag="700" ind1=" " ind2=" ">
            <marc:subfield code="a">Bolognini, Davide</marc:subfield>
            <marc:subfield code="u">Insubria U., Como</marc:subfield>
            <marc:subfield code="u">INFN, Milan</marc:subfield>
          </marc:datafield>
          <marc:datafield tag="700" ind1=" " ind2=" ">
            <marc:subfield code="a">Hasan, Said</marc:subfield>
            <marc:subfield code="u">Insubria U., Como</marc:subfield>
            <marc:subfield code="u">INFN, Milan</marc:subfield>
          </marc:datafield>
          <marc:datafield tag="700" ind1=" " ind2=" ">
            <marc:subfield code="a">Mozzanica, Aldo</marc:subfield>
            <marc:subfield code="u">Insubria U., Como</marc:subfield>
            <marc:subfield code="u">INFN, Milan</marc:subfield>
          </marc:datafield>
          <marc:datafield tag="700" ind1=" " ind2=" ">
            <marc:subfield code="a">Prest, Michela</marc:subfield>
            <marc:subfield code="u">Insubria U., Como</marc:subfield>
            <marc:subfield code="u">INFN, Milan</marc:subfield>
          </marc:datafield>
          <marc:datafield tag="690" ind1="C" ind2=" ">
            <marc:subfield code="a">ARTICLE</marc:subfield>
          </marc:datafield>
          <marc:datafield tag="690" ind1="C" ind2=" ">
            <marc:subfield code="a">CERN</marc:subfield>
          </marc:datafield>
          <marc:datafield tag="970" ind1=" " ind2=" ">
            <marc:subfield code="a">002796327CER</marc:subfield>
          </marc:datafield>
          <marc:datafield tag="520" ind1=" " ind2=" ">
            <marc:subfield code="a">Beam deflection due to axial channeling in a silicon crystal bent along the [111] axis was observed with 400  GeV/c protons at the CERN Super Proton Synchrotron. The condition for doughnut scattering of protons by the atomic strings of the crystal was attained. Such a condition allowed one to observe a beam deflection of 50  μrad with about 30% efficiency. The contribution of hyperchanneled states of protons to the observed beam deflection was less than 2% according to simulation results.</marc:subfield>
          </marc:datafield>
          <marc:datafield tag="595" ind1=" " ind2=" ">
            <marc:subfield code="a">Inspire</marc:subfield>
          </marc:datafield>
          <marc:datafield tag="595" ind1=" " ind2=" ">
            <marc:subfield code="z">CLAS1</marc:subfield>
          </marc:datafield>
          <marc:datafield tag="916" ind1=" " ind2=" ">
            <marc:subfield code="s">h</marc:subfield>
            <marc:subfield code="w">200903</marc:subfield>
            <marc:subfield code="y">a2008</marc:subfield>
          </marc:datafield>
          <marc:datafield tag="773" ind1=" " ind2=" ">
            <marc:subfield code="c">164801</marc:subfield>
            <marc:subfield code="p">Phys. Rev. Lett.</marc:subfield>
            <marc:subfield code="v">101</marc:subfield>
            <marc:subfield code="y">2008</marc:subfield>
          </marc:datafield>
          <marc:datafield tag="856" ind1="4" ind2=" ">
            <marc:subfield code="u">http://doc.cern.ch//archive/electronic/aps/PhysRevLett.101.164801.pdf</marc:subfield>
            <marc:subfield code="y">APS Published version, local copy</marc:subfield>
          </marc:datafield>
          <marc:datafield tag="856" ind1="4" ind2=" ">
            <marc:subfield code="u">http://cds.cern.ch/record/1158278/files/PhysRevLett.101.164801.pdf</marc:subfield>
            <marc:subfield code="y">APS Published version, local copy</marc:subfield>
          </marc:datafield>
          <marc:datafield tag="710" ind1=" " ind2=" ">
            <marc:subfield code="5">AT</marc:subfield>
          </marc:datafield>
          <marc:datafield tag="260" ind1=" " ind2=" ">
            <marc:subfield code="c">2008</marc:subfield>
          </marc:datafield>
          <marc:datafield tag="041" ind1=" " ind2=" ">
            <marc:subfield code="a">eng</marc:subfield>
          </marc:datafield>
          <marc:datafield tag="100" ind1=" " ind2=" ">
            <marc:subfield code="a">Scandale, Walter</marc:subfield>
            <marc:subfield code="u">CERN</marc:subfield>
            <marc:subfield code="0">AUTHOR|(CDS)2107593</marc:subfield>
            <marc:subfield code="9">#BEARD#</marc:subfield>
          </marc:datafield>
          <marc:datafield tag="245" ind1=" " ind2=" ">
            <marc:subfield code="a">High-Efficiency Deflection of High-Energy Protons through Axial Channeling in a Bent Crystal</marc:subfield>
          </marc:datafield>
          <marc:datafield tag="960" ind1=" " ind2=" ">
            <marc:subfield code="a">13</marc:subfield>
          </marc:datafield>
          <marc:datafield tag="961" ind1=" " ind2=" ">
            <marc:subfield code="c">20100901</marc:subfield>
            <marc:subfield code="h">1608</marc:subfield>
            <marc:subfield code="l">CER01</marc:subfield>
            <marc:subfield code="x">20090112</marc:subfield>
          </marc:datafield>
          <marc:datafield tag="963" ind1=" " ind2=" ">
            <marc:subfield code="a">PUBLIC</marc:subfield>
          </marc:datafield>
        </marc:record>
      </metadata>
    </record>