
    <record>
      <header>
        <identifier>oai:cds.cern.ch:1174969</identifier>
        <datestamp>2017-01-11T22:52:26Z</datestamp>
        <setSpec>cerncds:CERN</setSpec>
        <setSpec>forINSPIRE</setSpec>
      </header>
      <metadata>
        <marc:record xmlns:marc="http://www.loc.gov/MARC21/slim" xmlns:xsi="http://www.w3.org/2001/XMLSchema-instance" xsi:schemaLocation="http://www.loc.gov/MARC21/slim http://www.loc.gov/standards/marcxml/schema/MARC21slim.xsd" type="Bibliographic">
          <marc:leader>00000coc  2200000uu 4500</marc:leader>
          <marc:controlfield tag="001">1174969</marc:controlfield>
          <marc:controlfield tag="003">SzGeCERN</marc:controlfield>
          <marc:controlfield tag="005">20170111235226.0</marc:controlfield>
          <marc:datafield tag="024" ind1="7" ind2=" ">
            <marc:subfield code="2">DOI</marc:subfield>
            <marc:subfield code="a">10.1088/0954-3899/35/5/054001</marc:subfield>
          </marc:datafield>
          <marc:datafield tag="024" ind1="8" ind2=" ">
            <marc:subfield code="a">oai:cds.cern.ch:1174969</marc:subfield>
            <marc:subfield code="p">cerncds:CERN</marc:subfield>
            <marc:subfield code="p">forINSPIRE</marc:subfield>
          </marc:datafield>
          <marc:datafield tag="693" ind1=" " ind2=" ">
            <marc:subfield code="a">Not applicable</marc:subfield>
            <marc:subfield code="e">Not applicable</marc:subfield>
          </marc:datafield>
          <marc:datafield tag="690" ind1="C" ind2=" ">
            <marc:subfield code="a">ARTICLE</marc:subfield>
          </marc:datafield>
          <marc:datafield tag="690" ind1="C" ind2=" ">
            <marc:subfield code="a">CERN</marc:subfield>
          </marc:datafield>
          <marc:datafield tag="960" ind1=" " ind2=" ">
            <marc:subfield code="a">13</marc:subfield>
          </marc:datafield>
          <marc:datafield tag="773" ind1=" " ind2=" ">
            <marc:subfield code="c">054001-12 - 054001-14</marc:subfield>
            <marc:subfield code="p">J. Phys. G</marc:subfield>
            <marc:subfield code="v">35</marc:subfield>
            <marc:subfield code="y">2008</marc:subfield>
          </marc:datafield>
          <marc:datafield tag="963" ind1=" " ind2=" ">
            <marc:subfield code="a">PUBLIC</marc:subfield>
          </marc:datafield>
          <marc:datafield tag="970" ind1=" " ind2=" ">
            <marc:subfield code="a">002818875CER</marc:subfield>
          </marc:datafield>
          <marc:datafield tag="980" ind1=" " ind2=" ">
            <marc:subfield code="a">ARTICLE</marc:subfield>
          </marc:datafield>
          <marc:datafield tag="980" ind1=" " ind2=" ">
            <marc:subfield code="a">ConferencePaper</marc:subfield>
          </marc:datafield>
          <marc:datafield tag="700" ind1=" " ind2=" ">
            <marc:subfield code="a">Salgado, C A</marc:subfield>
            <marc:subfield code="u">Rome U.</marc:subfield>
            <marc:subfield code="u">INFN, Rome</marc:subfield>
          </marc:datafield>
          <marc:datafield tag="700" ind1=" " ind2=" ">
            <marc:subfield code="a">Wiedemann, U A</marc:subfield>
            <marc:subfield code="u">CERN</marc:subfield>
          </marc:datafield>
          <marc:datafield tag="710" ind1=" " ind2=" ">
            <marc:subfield code="5">PH-TH</marc:subfield>
          </marc:datafield>
          <marc:datafield tag="245" ind1=" " ind2=" ">
            <marc:subfield code="a">Multiplicities at the LHC in a geometric scaling model</marc:subfield>
          </marc:datafield>
          <marc:datafield tag="260" ind1=" " ind2=" ">
            <marc:subfield code="c">2008</marc:subfield>
          </marc:datafield>
          <marc:datafield tag="961" ind1=" " ind2=" ">
            <marc:subfield code="c">20090430</marc:subfield>
            <marc:subfield code="h">1644</marc:subfield>
            <marc:subfield code="l">CER01</marc:subfield>
            <marc:subfield code="x">20090430</marc:subfield>
          </marc:datafield>
          <marc:datafield tag="962" ind1=" " ind2=" ">
            <marc:subfield code="b">1067756</marc:subfield>
            <marc:subfield code="k">054001-12 - 054001-14</marc:subfield>
            <marc:subfield code="n">cern20070514</marc:subfield>
          </marc:datafield>
          <marc:datafield tag="595" ind1=" " ind2=" ">
            <marc:subfield code="a">Inspire</marc:subfield>
          </marc:datafield>
          <marc:datafield tag="650" ind1="1" ind2="7">
            <marc:subfield code="2">SzGeCERN</marc:subfield>
            <marc:subfield code="a">Nuclear Physics - Theory</marc:subfield>
          </marc:datafield>
          <marc:datafield tag="916" ind1=" " ind2=" ">
            <marc:subfield code="s">h</marc:subfield>
            <marc:subfield code="w">200918</marc:subfield>
            <marc:subfield code="y">a2008</marc:subfield>
          </marc:datafield>
          <marc:datafield tag="041" ind1=" " ind2=" ">
            <marc:subfield code="a">eng</marc:subfield>
          </marc:datafield>
          <marc:datafield tag="100" ind1=" " ind2=" ">
            <marc:subfield code="a">Armesto, N</marc:subfield>
            <marc:subfield code="u">Santiago de Compostela U., IGFAE</marc:subfield>
            <marc:subfield code="0">AUTHOR|(CDS)2069434</marc:subfield>
            <marc:subfield code="9">#BEARD#</marc:subfield>
          </marc:datafield>
        </marc:record>
      </metadata>
    </record>