
    <record>
      <header>
        <identifier>oai:cds.cern.ch:1175877</identifier>
        <datestamp>2017-01-11T22:52:26Z</datestamp>
        <setSpec>cerncds:BOOK</setSpec>
        <setSpec>forINSPIRE</setSpec>
      </header>
      <metadata>
        <marc:record xmlns:marc="http://www.loc.gov/MARC21/slim" xmlns:xsi="http://www.w3.org/2001/XMLSchema-instance" xsi:schemaLocation="http://www.loc.gov/MARC21/slim http://www.loc.gov/standards/marcxml/schema/MARC21slim.xsd" type="Bibliographic">
          <marc:leader>00000coc  2200000uu 4500</marc:leader>
          <marc:controlfield tag="001">1175877</marc:controlfield>
          <marc:controlfield tag="005">20170119222516.0</marc:controlfield>
          <marc:datafield tag="980" ind1=" " ind2=" ">
            <marc:subfield code="a">BOOK</marc:subfield>
          </marc:datafield>
          <marc:datafield tag="700" ind1=" " ind2=" ">
            <marc:subfield code="a">Rancoita, Pier-Giorgio</marc:subfield>
          </marc:datafield>
          <marc:datafield tag="775" ind1=" " ind2=" ">
            <marc:subfield code="b">1st ed.</marc:subfield>
            <marc:subfield code="c">2004</marc:subfield>
            <marc:subfield code="w">813695</marc:subfield>
          </marc:datafield>
          <marc:datafield tag="775" ind1=" " ind2=" ">
            <marc:subfield code="b">3rd ed.</marc:subfield>
            <marc:subfield code="c">2011</marc:subfield>
            <marc:subfield code="w">1456258</marc:subfield>
          </marc:datafield>
          <marc:datafield tag="775" ind1=" " ind2=" ">
            <marc:subfield code="b">4th ed.</marc:subfield>
            <marc:subfield code="c">2016</marc:subfield>
            <marc:subfield code="w">2151353</marc:subfield>
          </marc:datafield>
          <marc:datafield tag="250" ind1=" " ind2=" ">
            <marc:subfield code="a">2nd ed.</marc:subfield>
          </marc:datafield>
          <marc:datafield tag="690" ind1="C" ind2=" ">
            <marc:subfield code="a">BOOK</marc:subfield>
          </marc:datafield>
          <marc:datafield tag="970" ind1=" " ind2=" ">
            <marc:subfield code="a">002819486CER</marc:subfield>
          </marc:datafield>
          <marc:datafield tag="653" ind1="1" ind2=" ">
            <marc:subfield code="9">CERN</marc:subfield>
            <marc:subfield code="a">particles interactions</marc:subfield>
          </marc:datafield>
          <marc:datafield tag="653" ind1="1" ind2=" ">
            <marc:subfield code="9">CERN</marc:subfield>
            <marc:subfield code="a">detectors</marc:subfield>
          </marc:datafield>
          <marc:datafield tag="653" ind1="1" ind2=" ">
            <marc:subfield code="9">CERN</marc:subfield>
            <marc:subfield code="a">ionization chambers</marc:subfield>
          </marc:datafield>
          <marc:datafield tag="653" ind1="1" ind2=" ">
            <marc:subfield code="9">CERN</marc:subfield>
            <marc:subfield code="a">medical applications</marc:subfield>
          </marc:datafield>
          <marc:datafield tag="650" ind1="1" ind2="7">
            <marc:subfield code="2">SzGeCERN</marc:subfield>
            <marc:subfield code="a">Health Physics and Radiation Effects</marc:subfield>
          </marc:datafield>
          <marc:datafield tag="916" ind1=" " ind2=" ">
            <marc:subfield code="d">200905</marc:subfield>
            <marc:subfield code="e">WSC</marc:subfield>
            <marc:subfield code="s">h</marc:subfield>
            <marc:subfield code="w">200919</marc:subfield>
          </marc:datafield>
          <marc:datafield tag="852" ind1=" " ind2=" ">
            <marc:subfield code="c">CERN Depot 1, bldg. 2 (DE1)</marc:subfield>
            <marc:subfield code="h">539.12 LER</marc:subfield>
          </marc:datafield>
          <marc:datafield tag="856" ind1="4" ind2=" ">
            <marc:subfield code="u">http://ebooks.worldscinet.com/ISBN/9789812818294/toc.shtml</marc:subfield>
            <marc:subfield code="y">ebook</marc:subfield>
          </marc:datafield>
          <marc:datafield tag="300" ind1=" " ind2=" ">
            <marc:subfield code="a">292 p</marc:subfield>
          </marc:datafield>
          <marc:datafield tag="340" ind1=" " ind2=" ">
            <marc:subfield code="a">paper</marc:subfield>
          </marc:datafield>
          <marc:datafield tag="340" ind1=" " ind2=" ">
            <marc:subfield code="a">ebook</marc:subfield>
          </marc:datafield>
          <marc:datafield tag="595" ind1=" " ind2=" ">
            <marc:subfield code="a">ILL: 13624</marc:subfield>
          </marc:datafield>
          <marc:datafield tag="595" ind1=" " ind2=" ">
            <marc:subfield code="a">Inspire</marc:subfield>
          </marc:datafield>
          <marc:datafield tag="595" ind1=" " ind2=" ">
            <marc:subfield code="a">WSC201110</marc:subfield>
          </marc:datafield>
          <marc:datafield tag="080" ind1=" " ind2=" ">
            <marc:subfield code="a">539.12</marc:subfield>
          </marc:datafield>
          <marc:datafield tag="245" ind1=" " ind2=" ">
            <marc:subfield code="a">Principles of radiation interaction in matter and detection</marc:subfield>
          </marc:datafield>
          <marc:datafield tag="260" ind1=" " ind2=" ">
            <marc:subfield code="a">Singapore</marc:subfield>
            <marc:subfield code="b">World Scientific</marc:subfield>
            <marc:subfield code="c">2009</marc:subfield>
          </marc:datafield>
          <marc:datafield tag="020" ind1=" " ind2=" ">
            <marc:subfield code="a">9812818286</marc:subfield>
            <marc:subfield code="u">print version, paperback</marc:subfield>
          </marc:datafield>
          <marc:datafield tag="020" ind1=" " ind2=" ">
            <marc:subfield code="a">9789812818287</marc:subfield>
            <marc:subfield code="u">print version, paperback</marc:subfield>
          </marc:datafield>
          <marc:datafield tag="020" ind1=" " ind2=" ">
            <marc:subfield code="a">9789812818294</marc:subfield>
            <marc:subfield code="u">electronic version</marc:subfield>
          </marc:datafield>
          <marc:datafield tag="024" ind1="8" ind2=" ">
            <marc:subfield code="a">oai:cds.cern.ch:1175877</marc:subfield>
            <marc:subfield code="p">cerncds:BOOK</marc:subfield>
            <marc:subfield code="p">forINSPIRE</marc:subfield>
          </marc:datafield>
          <marc:datafield tag="035" ind1=" " ind2=" ">
            <marc:subfield code="9">Inspire</marc:subfield>
            <marc:subfield code="a">1509570</marc:subfield>
          </marc:datafield>
          <marc:datafield tag="100" ind1=" " ind2=" ">
            <marc:subfield code="a">Leroy, Claude</marc:subfield>
          </marc:datafield>
          <marc:datafield tag="041" ind1=" " ind2=" ">
            <marc:subfield code="a">eng</marc:subfield>
          </marc:datafield>
          <marc:datafield tag="964" ind1=" " ind2=" ">
            <marc:subfield code="a">0006</marc:subfield>
          </marc:datafield>
          <marc:datafield tag="960" ind1=" " ind2=" ">
            <marc:subfield code="a">21</marc:subfield>
          </marc:datafield>
          <marc:datafield tag="961" ind1=" " ind2=" ">
            <marc:subfield code="c">20110201</marc:subfield>
            <marc:subfield code="h">1451</marc:subfield>
            <marc:subfield code="l">CER01</marc:subfield>
            <marc:subfield code="x">20090506</marc:subfield>
          </marc:datafield>
          <marc:datafield tag="963" ind1=" " ind2=" ">
            <marc:subfield code="a">PUBLIC</marc:subfield>
          </marc:datafield>
        </marc:record>
      </metadata>
    </record>