
    <record>
      <header>
        <identifier>oai:cds.cern.ch:1176342</identifier>
        <datestamp>2017-02-08T09:44:29Z</datestamp>
        <setSpec>cerncds:BOOK</setSpec>
        <setSpec>cerncds:FULLTEXT</setSpec>
        <setSpec>forINSPIRE</setSpec>
      </header>
      <metadata>
        <marc:record xmlns:marc="http://www.loc.gov/MARC21/slim" xmlns:xsi="http://www.w3.org/2001/XMLSchema-instance" xsi:schemaLocation="http://www.loc.gov/MARC21/slim http://www.loc.gov/standards/marcxml/schema/MARC21slim.xsd" type="Bibliographic">
          <marc:leader>00000coc  2200000uu 4500</marc:leader>
          <marc:controlfield tag="001">1176342</marc:controlfield>
          <marc:controlfield tag="003">SzGeCERN</marc:controlfield>
          <marc:controlfield tag="005">20170208104429.0</marc:controlfield>
          <marc:datafield tag="020" ind1=" " ind2=" ">
            <marc:subfield code="a">9812814116</marc:subfield>
            <marc:subfield code="u">print version, hardback</marc:subfield>
          </marc:datafield>
          <marc:datafield tag="020" ind1=" " ind2=" ">
            <marc:subfield code="a">9789812814111</marc:subfield>
            <marc:subfield code="u">print version, hardback</marc:subfield>
          </marc:datafield>
          <marc:datafield tag="020" ind1=" " ind2=" ">
            <marc:subfield code="a">9789812814128</marc:subfield>
            <marc:subfield code="u">electronic version</marc:subfield>
          </marc:datafield>
          <marc:datafield tag="024" ind1="8" ind2=" ">
            <marc:subfield code="a">oai:cds.cern.ch:1176342</marc:subfield>
            <marc:subfield code="p">cerncds:FULLTEXT</marc:subfield>
            <marc:subfield code="p">cerncds:BOOK</marc:subfield>
            <marc:subfield code="p">forINSPIRE</marc:subfield>
          </marc:datafield>
          <marc:datafield tag="035" ind1=" " ind2=" ">
            <marc:subfield code="9">Inspire</marc:subfield>
            <marc:subfield code="a">1509571</marc:subfield>
          </marc:datafield>
          <marc:datafield tag="041" ind1=" " ind2=" ">
            <marc:subfield code="a">eng</marc:subfield>
          </marc:datafield>
          <marc:datafield tag="080" ind1=" " ind2=" ">
            <marc:subfield code="a">530.12</marc:subfield>
          </marc:datafield>
          <marc:datafield tag="082" ind1=" " ind2=" ">
            <marc:subfield code="a">530.11</marc:subfield>
          </marc:datafield>
          <marc:datafield tag="100" ind1=" " ind2=" ">
            <marc:subfield code="a">Okun, Lev Borisovich</marc:subfield>
          </marc:datafield>
          <marc:datafield tag="245" ind1=" " ind2=" ">
            <marc:subfield code="a">Energy and mass in relativity theory</marc:subfield>
          </marc:datafield>
          <marc:datafield tag="260" ind1=" " ind2=" ">
            <marc:subfield code="a">New Jersey, NJ</marc:subfield>
            <marc:subfield code="b">World Scientific</marc:subfield>
            <marc:subfield code="c">2009</marc:subfield>
          </marc:datafield>
          <marc:datafield tag="300" ind1=" " ind2=" ">
            <marc:subfield code="a">311 p</marc:subfield>
          </marc:datafield>
          <marc:datafield tag="340" ind1=" " ind2=" ">
            <marc:subfield code="a">paper</marc:subfield>
          </marc:datafield>
          <marc:datafield tag="340" ind1=" " ind2=" ">
            <marc:subfield code="a">ebook</marc:subfield>
          </marc:datafield>
          <marc:datafield tag="520" ind1=" " ind2=" ">
            <marc:subfield code="a">This is the first book in which Einstein's equation is explicitly compared with its popular though not correct counterpart E = mc2, according to which mass increases with velocity. The book will be of interest to researchers in theoretical, atomic and nuclear physics, to historians of science as well as to students and teachers interested in relativity theory</marc:subfield>
          </marc:datafield>
          <marc:datafield tag="595" ind1=" " ind2=" ">
            <marc:subfield code="a">WSC201110</marc:subfield>
          </marc:datafield>
          <marc:datafield tag="595" ind1=" " ind2=" ">
            <marc:subfield code="a">ILL: 13727</marc:subfield>
          </marc:datafield>
          <marc:datafield tag="595" ind1=" " ind2=" ">
            <marc:subfield code="a">Inspire</marc:subfield>
          </marc:datafield>
          <marc:datafield tag="595" ind1=" " ind2=" ">
            <marc:subfield code="a">EBLlink deleted</marc:subfield>
          </marc:datafield>
          <marc:datafield tag="650" ind1="1" ind2="7">
            <marc:subfield code="2">SzGeCERN</marc:subfield>
            <marc:subfield code="a">General Theoretical Physics</marc:subfield>
          </marc:datafield>
          <marc:datafield tag="653" ind1="1" ind2=" ">
            <marc:subfield code="9">CERN</marc:subfield>
            <marc:subfield code="a">special relativity</marc:subfield>
          </marc:datafield>
          <marc:datafield tag="653" ind1="1" ind2=" ">
            <marc:subfield code="9">CERN</marc:subfield>
            <marc:subfield code="a">reprinted articles</marc:subfield>
          </marc:datafield>
          <marc:datafield tag="690" ind1="C" ind2=" ">
            <marc:subfield code="a">BOOK</marc:subfield>
          </marc:datafield>
          <marc:datafield tag="852" ind1=" " ind2=" ">
            <marc:subfield code="c">CERN Central Library</marc:subfield>
            <marc:subfield code="h">530.12 OKU</marc:subfield>
          </marc:datafield>
          <marc:datafield tag="856" ind1="4" ind2=" ">
            <marc:subfield code="u">http://ebooks.worldscinet.com/ISBN/9789812814128/toc.shtml</marc:subfield>
            <marc:subfield code="y">ebook</marc:subfield>
          </marc:datafield>
          <marc:datafield tag="856" ind1="4" ind2=" ">
            <marc:subfield code="s">452533</marc:subfield>
            <marc:subfield code="u">http://cds.cern.ch/record/1176342/files/9812814116_TOC.pdf</marc:subfield>
            <marc:subfield code="y">1. Table of contents</marc:subfield>
          </marc:datafield>
          <marc:datafield tag="916" ind1=" " ind2=" ">
            <marc:subfield code="d">200909</marc:subfield>
            <marc:subfield code="e">WSC</marc:subfield>
            <marc:subfield code="s">h</marc:subfield>
            <marc:subfield code="w">200919</marc:subfield>
          </marc:datafield>
          <marc:datafield tag="960" ind1=" " ind2=" ">
            <marc:subfield code="a">21</marc:subfield>
          </marc:datafield>
          <marc:datafield tag="961" ind1=" " ind2=" ">
            <marc:subfield code="c">20110201</marc:subfield>
            <marc:subfield code="h">1451</marc:subfield>
            <marc:subfield code="l">CER01</marc:subfield>
            <marc:subfield code="x">20090508</marc:subfield>
          </marc:datafield>
          <marc:datafield tag="963" ind1=" " ind2=" ">
            <marc:subfield code="a">PUBLIC</marc:subfield>
          </marc:datafield>
          <marc:datafield tag="964" ind1=" " ind2=" ">
            <marc:subfield code="a">0001</marc:subfield>
          </marc:datafield>
          <marc:datafield tag="970" ind1=" " ind2=" ">
            <marc:subfield code="a">002819875CER</marc:subfield>
          </marc:datafield>
          <marc:datafield tag="980" ind1=" " ind2=" ">
            <marc:subfield code="a">BOOK</marc:subfield>
          </marc:datafield>
        </marc:record>
      </metadata>
    </record>