
    <record>
      <header>
        <identifier>oai:cds.cern.ch:1184446</identifier>
        <datestamp>2017-01-11T22:52:27Z</datestamp>
        <setSpec>forINSPIRE</setSpec>
        <setSpec>DOI</setSpec>
        <setSpec>cerncds:FULLTEXT</setSpec>
        <setSpec>cerncds:CERN:FULLTEXT</setSpec>
        <setSpec>INIS</setSpec>
        <setSpec>cerncds:CERN</setSpec>
      </header>
      <metadata>
        <marc:record xmlns:marc="http://www.loc.gov/MARC21/slim" xmlns:xsi="http://www.w3.org/2001/XMLSchema-instance" xsi:schemaLocation="http://www.loc.gov/MARC21/slim http://www.loc.gov/standards/marcxml/schema/MARC21slim.xsd" type="Bibliographic">
          <marc:leader>00000coc  2200000uu 4500</marc:leader>
          <marc:controlfield tag="001">1184446</marc:controlfield>
          <marc:controlfield tag="003">SzGeCERN</marc:controlfield>
          <marc:controlfield tag="005">20170119222516.0</marc:controlfield>
          <marc:datafield tag="024" ind1="7" ind2=" ">
            <marc:subfield code="2">DOI</marc:subfield>
            <marc:subfield code="a">10.5170/CERN-2009-003.30</marc:subfield>
          </marc:datafield>
          <marc:datafield tag="024" ind1="8" ind2=" ">
            <marc:subfield code="a">oai:cds.cern.ch:1184446</marc:subfield>
            <marc:subfield code="p">cerncds:FULLTEXT</marc:subfield>
            <marc:subfield code="p">DOI</marc:subfield>
            <marc:subfield code="p">forINSPIRE</marc:subfield>
            <marc:subfield code="p">INIS</marc:subfield>
            <marc:subfield code="p">cerncds:CERN:FULLTEXT</marc:subfield>
            <marc:subfield code="p">cerncds:CERN</marc:subfield>
          </marc:datafield>
          <marc:datafield tag="035" ind1=" " ind2=" ">
            <marc:subfield code="9">Inspire</marc:subfield>
            <marc:subfield code="a">1509572</marc:subfield>
          </marc:datafield>
          <marc:datafield tag="693" ind1=" " ind2=" ">
            <marc:subfield code="a">XX</marc:subfield>
            <marc:subfield code="e">XX</marc:subfield>
          </marc:datafield>
          <marc:datafield tag="690" ind1="C" ind2=" ">
            <marc:subfield code="a">ARTICLE</marc:subfield>
          </marc:datafield>
          <marc:datafield tag="690" ind1="C" ind2=" ">
            <marc:subfield code="a">CERN</marc:subfield>
          </marc:datafield>
          <marc:datafield tag="690" ind1="C" ind2=" ">
            <marc:subfield code="a">YELLOWREPCONTRIB</marc:subfield>
          </marc:datafield>
          <marc:datafield tag="960" ind1=" " ind2=" ">
            <marc:subfield code="a">13</marc:subfield>
          </marc:datafield>
          <marc:datafield tag="650" ind1="1" ind2="7">
            <marc:subfield code="2">SzGeCERN</marc:subfield>
            <marc:subfield code="a">Detectors and Experimental Techniques</marc:subfield>
          </marc:datafield>
          <marc:datafield tag="963" ind1=" " ind2=" ">
            <marc:subfield code="a">PUBLIC</marc:subfield>
          </marc:datafield>
          <marc:datafield tag="970" ind1=" " ind2=" ">
            <marc:subfield code="a">002827263CER</marc:subfield>
          </marc:datafield>
          <marc:datafield tag="980" ind1=" " ind2=" ">
            <marc:subfield code="a">ARTICLE</marc:subfield>
          </marc:datafield>
          <marc:datafield tag="980" ind1=" " ind2=" ">
            <marc:subfield code="a">ConferencePaper</marc:subfield>
          </marc:datafield>
          <marc:datafield tag="710" ind1=" " ind2=" ">
            <marc:subfield code="5">BE</marc:subfield>
          </marc:datafield>
          <marc:datafield tag="856" ind1="4" ind2=" ">
            <marc:subfield code="u">http://cds.cern.ch/record/1184446/files/p30.pdf</marc:subfield>
            <marc:subfield code="y">Published version from CERN</marc:subfield>
          </marc:datafield>
          <marc:datafield tag="245" ind1=" " ind2=" ">
            <marc:subfield code="a">Simulation of Machine Backgrounds</marc:subfield>
          </marc:datafield>
          <marc:datafield tag="260" ind1=" " ind2=" ">
            <marc:subfield code="c">2009</marc:subfield>
          </marc:datafield>
          <marc:datafield tag="260" ind1=" " ind2=" ">
            <marc:subfield code="b">CERN</marc:subfield>
          </marc:datafield>
          <marc:datafield tag="595" ind1=" " ind2=" ">
            <marc:subfield code="a">Inspire</marc:subfield>
          </marc:datafield>
          <marc:datafield tag="961" ind1=" " ind2=" ">
            <marc:subfield code="c">20110201</marc:subfield>
            <marc:subfield code="h">1448</marc:subfield>
            <marc:subfield code="l">CER01</marc:subfield>
            <marc:subfield code="x">20090616</marc:subfield>
          </marc:datafield>
          <marc:datafield tag="962" ind1=" " ind2=" ">
            <marc:subfield code="b">1184436</marc:subfield>
            <marc:subfield code="k">30-36</marc:subfield>
            <marc:subfield code="n">cern20080403</marc:subfield>
            <marc:subfield code="r">CERN-2009-003</marc:subfield>
          </marc:datafield>
          <marc:datafield tag="100" ind1=" " ind2=" ">
            <marc:subfield code="a">Talanov, V</marc:subfield>
            <marc:subfield code="u">Serpukhov, IHEP</marc:subfield>
            <marc:subfield code="u">CERN</marc:subfield>
          </marc:datafield>
          <marc:datafield tag="916" ind1=" " ind2=" ">
            <marc:subfield code="s">h</marc:subfield>
            <marc:subfield code="w">200909</marc:subfield>
          </marc:datafield>
          <marc:datafield tag="041" ind1=" " ind2=" ">
            <marc:subfield code="a">eng</marc:subfield>
          </marc:datafield>
        </marc:record>
      </metadata>
    </record>
  </ListRecords>
</OAI-PMH>
